3238 4956
729 275 942 362 Aac..

333 461 383 532 Sic
415 461 504 546 ldau3
534 487 631 552 neque
661 476 760 532 tamen
793 470 869 530 mihi
904 489 1010 531 causae
1040 467 1113 528 satis
1146 465 1254 544 graves
1283 461 1430 530 videntur

249 580 368 648 extare,
399 594 452 634 cur
482 580 542 633 tam
565 574 699 636 violente
728 574 761 633 in
784 580 901 634 textum
931 573 1077 633 traditum
1107 572 1295 632 invehamur.
1349 573 1429 630 Nam

248 696 322 756 quas
352 675 531 735 offensiones
563 677 597 735 in
619 697 708 737 scena
729 676 795 753 ipsa
816 676 954 748 invenit,
987 674 1089 734 statim
1111 676 1210 735 nullas
1227 675 1430 733 'difficultates

248 779 410 855 praebent,
439 776 492 837 ubi
516 779 658 856 Aeschyli
680 777 827 838 irridendi
850 798 938 837 cauea
962 797 1080 836 scenam
1102 777 1246 835 insertam
1269 797 1334 835 esse
1357 795 1430 835 eon-

250 878 396 955 cedimus;
429 880 509 957 quod
539 882 611 939 Mau
641 886 740 952 vetat,
770 876 919 959 quoniem'
941 881 972 938 iu
1003 879 1120 958 reliqua
1151 888 1235 956 parte
1266 879 1430 955 Sophocles

251 982 329 1042 selus
350 981 541 1060 respicietur
586 980 653 1047 Qua
666 983 925 1057 argumentatione
947 981 1023 1042 mihi
1046 1003 1104 1041 uon
1123 981 1346 1058 persuadetur;
1358 1001 1429 1038 uam

251 1082 369 1142 etiamsi
400 1084 519 1163 reliqua
543 1085 698 1162 Euripidis
721 1085 822 1144 fabula
844 1084 1004 1163 praecipue
1036 1085 1073 1143 ad
1096 1085 1275 1161 Sophoclem
1304 1089 1430 1159 spectet,

251 1207 310 1245 non
326 1186 425 1260 video,
442 1207 495 1246 cur
509 1207 570 1245 nou
586 1186 720 1264 potuerit
734 1207 851 1246 scenam
868 1186 1040 1266 quandam'
1032 1206 1079 1244 rus
1082 1185 1201 1258 tituere,
1224 1204 1283 1264 qua
1294 1187 1431 1263 Aeschy-

249 1289 297 1347 lus
327 1287 503 1362 irrideatur,
532 1290 690 1349 dummode
722 1289 794 1349 satis
823 1289 922 1349 lucida
959 1291 1032 1348 haec
1064 1287 1170 1348 allusio
1202 1289 1258 1361 sit,
1287 1287 1319 1346 id
1349 1289 1432 1366 quod

250 1395 353 1450 nostro
375 1391 441 1450 loco
469 1411 556 1451 nemo
578 1391 722 1467 negabit3
750 1391 894 1471 atquem
917 1391 1093 1452 uuiversum
1116 1391 1190 1448 tales
1213 1389 1404 1450 allusiones
1395 1409 1430 1447 ιιι

252 1491 405 1568 Euripidis
432 1493 542 1554 fabulis
573 1514 632 1554 non
664 1493 813 1553 inauditus
846 1515 910 1554 esse
950 1494 1021 1552 satis
1052 1499 1157 1552 uotum
1187 1500 1234 1552 est
1264 1492 1361 1570 (velut
1391 1493 1430 1550 cf.

251 1595 353 1672 Suppl
379 1600 564 1670 sto-856,
596 1599 708 1656 Phoeu.
736 1598 797 1656 752
820 1597 885 1676 sq..)
930 1601 1032 1675 Atque
1055 1615 1144 1675 quam
1167 1595 1282 1654 addidit
1313 1614 1432 1653 causam

252 1699 325 1756 ads
313 1697 513 1775 suspicionem
535 1698 626 1758 huius
650 1719 756 1759 scenae
778 1701 962 1774 augendam,
992 1719 1095 1759 versus
1120 1703 1179 1756 545
1204 1717 1247 1777 sq
1274 1702 1433 1774 corruptos

252 1821 316 1859 esse
344 1806 376 1859 et
396 1801 535 1860 Electrae
567 1803 650 1861 nullo
682 1803 768 1862 modo
799 1801 938 1880 proprios
968 1823 1075 1880 posse,
1105 1803 1155 1859 sed
1179 1798 1343 1878 paedagogi
1365 1819 1434 1857 esse

252 1903 372 1976 debere,
394 1903 483 1979 plane
506 1924 613 1963 vanam
637 1916 718 1981 puto,
742 1904 813 1986 quia
834 1905 888 1963 illa
910 1908 1002 1965 verba
1024 1904 1129 1963 falso
1121 1924 1152 1961 m
1156 1909 1337 1980 terpretatus
1366 1921 1434 1960 esse

252 2025 415 2085 eorumque
430 2011 610 2066 structuram
626 2028 768 2084 perverse
782 2006 968 2067 intellexisse
984 2006 1059 2066 mihi
1074 2005 1160 2066 ridet
1147 2011 1204 2078 tur,
1226 2010 1291 2064 rect
1292 2027 1307 2062 e
1278 2009 1434 2063 tantem

252 2108 408 2167 intellecta
423 2108 536 2167 nullam
560 2109 756 2170 offensionem
778 2112 933 2188 praebent.

295 2211 415 2268 Nam
432 2210 552 2270 Electra
575 2218 732 2291 postquam
749 2212 872 2272 tertium
890 2232 1009 2292 quoque
1024 2210 1169 2288 Aeschyli
1192 2209 1316 2284 siguum
1326 2209 1437 2266 acerbe

253 2311 406 2384 refutavit,
429 2312 501 2372 huic
520 2313 565 2374 rei
580 2317 763 2387 tractandae,
788 2314 854 2394 quis
876 2314 1000 2374 fuerit
992 2334 1027 2388 ιι,
1052 2313 1103 2393 qui
1120 2310 1308 2384 sacrificavit,
1332 2313 1437 2368 utrum

256 2415 346 2473 Orest
333 2419 378 2473 tes
400 2434 504 2489 necue,
528 2416 618 2476 finem
641 2417 729 2493 pouit
750 2416 869 2478 verbis:

460 2509 562 2574 ms„
542 2540 561 2594 η
583 2538 628 2588 τις
643 2514 739 2579 αὐτοῦ
761 2513 859 2594 τάφον
882 2516 1068 2598 &uetaretque
1090 2515 1172 2590 ξένος

460 2613 625 2698 ἐιειριτ”“
604 2643 624 2697 η
646 2621 733 2699 ariade
755 2616 888 2692 σκοπούς
910 2615 1014 2680 larido
1036 2615 1149 2698 χθονός
1162 2617 1189 2699 ¹)

254 2755 459 2764 —--——-—-

255 2817 313 2885 (Οὔκ
331 2816 380 2883 &fit
397 2809 504 2886 ἀνδρὸς,
530 2841 550 2874 ω
542 2811 656 2888 γέρον,
684 2823 763 2891 σοφοῦ
790 2822 880 2892 λέγεις)
908 2832 1020 2907 spectare
1045 2826 1175 2885 videntur,
1202 2837 1279 2883 qnare
1303 2821 1437 2868 universae

256 2893 429 2952 compositioni
452 2905 580 2940 scenarum
607 2894 671 2942 hane
690 2909 787 2955 quoqne
805 2909 904 2942 scenam
921 2896 1035 2956 quemvis
1052 2895 1113 2942 satis
1131 2894 1237 2942 alienam
1257 2905 1311 2940 cnm
1330 2889 1435 2947 diligen-

255 2963 289 3008 ιιι
307 2963 412 3021 quadam
430 2961 564 3009 intexuisse
582 2963 726 3024 Euripidem
744 2964 915 3011 concedemus.
961 2963 1016 3022 Qus
1034 2965 1064 3011 de
1083 2976 1157 3009 cansa
1174 2975 1254 3020 neque
1272 2972 1359 3006 scenae
1377 2971 1437 3016 par-

255 3039 303 3076 teur
321 3045 400 3089 neque
418 3037 494 3077 totam
512 3046 611 3079 scenam
629 3031 759 3080 delendam
778 3045 833 3080 esse
849 3039 941 3092 putem.

328 3119 353 3178 1)
328 3119 416 3162 lAe
434 3115 510 3161 verbe
536 3114 616 3178 τῆςδε
634 3113 743 3173 σκοποὺς
760 3113 845 3167 letheis
863 3114 955 3182 χιοιὸς
973 3116 1073 3163 omuino
1091 3130 1141 3163 nou
1158 3115 1265 3172 intelligi
1283 3127 1370 3174 posse,
1389 3113 1436 3158 sed

255 3188 310 3230 ιιι
315 3190 443 3242 corruptos
470 3191 512 3229 aut
528 3199 629 3233 maneos
655 3199 708 3232 esse
726 3192 796 3245 putat
814 3187 886 3246 Μιιι,
913 3199 962 3244 qua
989 3184 1019 3231 de
1045 3200 1072 3233 re
1090 3185 1221 3231 convenire
1239 3184 1337 3229 videtur
1354 3181 1435 3226 Wila-

257 3253 356 3299 ruoaita
375 3251 431 3314 (1.1
445 3266 468 3311 p.
483 3247 558 3316 236);
578 3253 667 3301 deiude
685 3259 766 3300 autem
784 3255 823 3301 his
840 3254 924 3301 verbis
943 3254 1065 3312 corruptis
1085 3255 1138 3300 sine
1150 3251 1226 3299 dubio
1243 3251 1338 3297 nnllam
1356 3250 1436 3296 alium

256 3321 305 3367 uisi
330 3319 441 3366 Orestem
466 3320 600 3378 significari
625 3335 769 3381 persuasum
796 3322 871 3370 habet
894 3323 967 3382 hlau;
993 3336 1055 3381 quae
1080 3322 1200 3370 sententia
1224 3321 1244 3366 si
1269 3325 1335 3366 recta
1360 3323 1435 3376 esset,

255 3403 311 3435 meo
328 3402 424 3446 quoque
442 3389 532 3434 iudicio
550 3389 611 3436 haec
628 3389 706 3437 verba
723 3405 773 3437 nou
790 3391 912 3448 Electrae,
938 3392 982 3438 sed
1000 3391 1138 3450 paedagogi
1156 3403 1211 3436 esse
1229 3389 1354 3444 decerent,
1372 3401 1434 3446 qno-

257 3460 323 3504 niam
336 3457 436 3518 Electra
453 3457 516 3503 hauc
535 3471 596 3514 rem,
614 3472 687 3517 quum
705 3473 749 3519 per
768 3467 843 3508 totam
864 3460 1053 3507 collocutionem
1071 3460 1105 3506 ita
1122 3457 1248 3516 refutavit,
1266 3465 1293 3503 ιι
1311 3471 1325 3503 ι
1342 3455 1435 3515 paeda-

257 3540 320 3586 gogo
338 3526 468 3572 nihilium
486 3527 620 3573 contradici
639 3528 724 3586 possit,
744 3529 768 3574 ιι
786 3529 834 3575 fine
851 3528 1024 3575 collocutionis
1042 3528 1166 3574 affirmare
1179 3526 1248 3572 nullo
1260 3526 1333 3571 modo
1344 3529 1436 3584 potest.

256 3598 302 3642 Sed
325 3594 463 3642 accuratius
489 3594 626 3642 videamus.
666 3597 724 3642 Mau
752 3597 786 3643 ιιι
812 3595 949 3644 concludit:
973 3597 1118 3656 peregrino,
1138 3595 1179 3654 qui
1197 3594 1364 3640 misericordia
1380 3607 1435 3638 mo-

257 3674 296 3710 ιιι
314 3665 419 3712 sortasse
438 3663 557 3711 tumulum
576 3665 769 3724 Agamemnonis
786 3665 892 3723 ornavit,
912 3667 1048 3726 opponitur
1065 3665 1094 3722 is,
1125 3664 1167 3723 qui
1185 3677 1240 3709 cum
1258 3676 1308 3708 uon
1326 3661 1437 3722 peregri·

256 3731 428 3789 sussiacum
446 3746 461 3778 ι
479 3732 622 3780 custodibus
641 3734 807 3780 seoccultare
826 3734 928 3792 debeet3
956 3734 1103 3780 bocautem
1128 3734 1159 3779 de
1176 3732 1244 3790 nullo
1269 3731 1318 3776 alio
1337 3730 1383 3776 nisi
1402 3730 1436 3776 de

257 3799 343 3846 Oreste
360 3800 499 3878 praedicari
511 3815 590 3860 posse
608 3803 633 3847 ιι
651 3809 736 3848 nostra
754 3803 853 3859 fabule,
879 3816 938 3862 ergo
957 3801 1072 3848 Orestem
1097 3801 1137 3848 his
1155 3800 1239 3847 verbis
1257 3813 1370 3858 quamvis
1381 3812 1437 3844 eor

257 3869 335 3928 ruptis
353 3868 406 3914 sine
427 3869 502 3915 dnbio
520 3869 664 3929 significari.
700 3872 806 3928 Atque'
799 3886 824 3916 m
842 3871 919 3917 altero
938 3870 1049 3918 membro
1067 3884 1135 3950 eum,
1164 3870 1206 3928 qni
1224 3882 1273 3914 non
1290 3867 1438 3927 peregrinus

258 3939 297 3995 sit,
316 3935 405 3995 respici
424 3937 545 3985 sententia
561 3943 629 3985 recta
648 3944 694 3998 ιιι,
711 3941 828 3998 quoniam
842 3940 872 3986 de
884 3939 1022 3999 peregrinis
1040 3939 1160 3998 inpriore
1175 3936 1286 3984 membro
1304 3935 1438 3997 posteriori

257 4006 370 4065 opposito
389 4017 470 4050 sermo
488 4019 514 4052 es
517 4013 544 4066 ι,
570 4021 632 4066 quse
651 4008 701 4054 alia
718 4009 837 4068 protulit,
856 4007 939 4054 emnia
957 4007 1021 4053 falsu
1039 4015 1097 4054 suut
1113 4020 1169 4052 mea
1186 4005 1286 4064 quidem
1304 4005 1436 4052 sententis.

257 4075 395 4120 Verborum
413 4079 560 4120 structuram
578 4077 678 4122 omuino
696 4090 745 4122 uon
764 4082 829 4124 recte
846 4076 968 4123 intellexit
991 4077 1034 4122 ille
1052 4077 1100 4134 vir,
1119 4088 1177 4121 uam
1195 4076 1247 4120 sine
1265 4074 1384 4120 dublein
1402 4074 1440 4118 sl·

258 4151 310 4189 tero
326 4155 423 4200 quoque
436 4142 545 4188 membro
558 4145 668 4224 suppleri
686 4149 767 4204 potest
779 4144 844 4191 bono
863 4159 918 4191 cnm
931 4157 1005 4191 seusu
1023 4139 1140 4206 ἐκείρατο
1157 4139 1236 4206 τάφον
1255 4135 1334 4192 αὐτοῦ
1353 4137 1441 4191 ἐποικ-

258 4207 343 4272 τείρας
360 4211 403 4266 ita,
422 4214 449 4254 ιι
466 4222 516 4256 non
534 4210 560 4256 in
578 4212 720 4260 uuiversum
739 4213 768 4270 ιι,
787 4213 828 4271 qui
840 4226 855 4258 s
867 4213 995 4260 custodum
1010 4218 1142 4272 conspeetu
1160 4211 1323 4259 seoccultare
1337 4215 1441 4272 coactns

258 4287 302 4344 est,
321 4279 486 4340 significetur,
513 4279 581 4326 sed
574 4294 609 4339 ιι,
629 4280 671 4342 qui
688 4282 807 4329 tumulum
826 4280 879 4329 eius
896 4295 1019 4332 coronans
1037 4294 1064 4328 se
1082 4281 1205 4339 occultat,
1232 4279 1246 4326 ι.
1266 4294 1287 4326 ι.
1312 4278 1355 4340 qui
1372 4267 1443 4344 elap'r
