3238 4956
745 325 788 347 r.
830 279 873 367 so
916 319 959 348 ..ι

264 486 281 535 ‘a
303 458 499 556 Clytemestra
527 495 627 536 caesus
657 478 804 536 exclamat
831 477 947 555 (Agam.
974 481 1074 536 1342:
1103 468 1178 551 α’ίμοι
1201 465 1369 554 πέπληγμαι
1388 515 1399 534 ,.
1422 513 1441 546 .,

267 582 366 638 1³44:
389 569 464 653 α’ίμοι
487 568 552 653 μάλ’
575 565 695 657 αὖθις),
718 578 777 636 iam
800 599 816 637 a
838 577 974 654 Gruppio
996 578 1141 638 monitum
1164 583 1223 651 est,
1247 598 1344 656 neque
1365 578 1442 638 forte

264 679 405 739 accidisse
420 685 541 756 putam;
565 682 668 741 eodem
683 682 771 740 modo
788 679 881 755 igitur
902 679 977 756 ipsa,
1002 699 1059 758 quo
1075 683 1328 754 Agamemnonem
1349 679 1442 745 inter-

265 781 348 856 iecit,
368 781 428 840 iam
450 788 576 842 mortem
599 783 689 843 subit.
733 784 796 840 Iam
817 783 898 858 legas
917 802 1025 864 quaeso
1052 783 1215 842 orationem
1231 782 1441 858 Clytemestrae

265 884 456 961 Aeschyleae,
479 905 538 964 qua
556 891 623 962 post
636 884 869 961 Agamemnonis
892 887 1010 944 caedem
1033 884 1087 944 vix
1109 885 1272 960 perfectam
1294 882 1442 958 superbis·

238 1054 241 1062 Ι
264 985 338 1046 sime
360 991 450 1065 atque
471 986 730 1063 impudentissime
752 1006 784 1044 se
806 988 897 1046 iactat
912 987 1120 1066 imprimisque
1142 1007 1170 1049 v.
1190 990 1287 1045 1383:
1309 984 1388 1044 παίω
1410 981 1443 1042 δέ

264 1109 311 1146 νιν
334 1086 396 1158 δίς·
420 1083 478 1147 καίν
501 1087 587 1147 docio
610 1083 798 1167 οίμοίγμασιν
828 1090 961 1165 μεθῆκεν
993 1081 1086 1148 αὑτοῦ
1108 1090 1196 1148 κῶλα.
1256 1083 1306 1150 καὶ
1329 1106 1442 1144 πεπτα-

264 1185 329 1248 κο’τι
351 1190 452 1268 τρίτην
474 1186 672 1266 ἐπενδίδωμι·
696 1211 772 1271 quae
787 1193 878 1251 verba
893 1212 959 1250 curn
975 1192 1111 1252 Electrae
1134 1193 1250 1263 παῖσον,
1272 1186 1299 1247 εί
1319 1186 1444 1263 σθένεις,

266 1290 372 1368 διπλῆν
396 1293 501 1352 collata
523 1294 682 1371 Sophocles
704 1293 871 1370 respexisse
892 1293 968 1352 mihi
991 1295 1126 1366 videtur,
1154 1300 1244 1370 atque
1275 1291 1373 1350 neseio
1406 1312 1443 1350 an

264 1393 316 1452 illa
338 1398 431 1456 verba
453 1402 484 1456 et
504 1396 719 1457 sententiarum
742 1416 929 1472 progressum
958 1401 1110 1474 totamque
1141 1415 1259 1454 saeuam
1291 1403 1372 1453 recte
1402 1394 1445 1452 sic

264 1497 482 1572 intelligamus:
520 1499 622 1560 verbis
658 1499 889 1577 Clytemestrae:
927 1492 1037 1576 οἰίιτιρε
1068 1493 1121 1574 τήν
1155 1499 1299 1556 τεκοῦσαν
1330 1495 1445 1555 emissis
1471 1479 1473 1482 ¹

265 1600 383 1659 Electra
404 1621 493 1660 versu
518 1605 616 1660 1411:
650 1595 711 1658 ἀλλ’
735 1595 794 1659 οὐκ
816 1597 850 1660 ἐκ
872 1597 962 1659 σέθεν
985 1592 1121 1682 ᾠκτίρεθ’
1144 1587 1233 1669 οὗτος
1255 1591 1321 1668 orid'
1342 1589 1360 1657 o‘
1381 1617 1444 1676 γεν-

264 1703 359 1779 νήσας
379 1698 477 1780 πατήρ
501 1702 616 1762 Orestis
639 1710 669 1762 et
691 1705 822 1762 omnium
845 1703 898 1783 qui
920 1709 1056 1780 spectant
1077 1704 1108 1762 in
1131 1701 1304 1762 memoriam
1324 1707 1446 1761 revocat

263 1805 396 1865 facinora
417 1804 498 1865 illius
520 1805 714 1864 audacissima
736 1804 873 1885 diemque
902 1805 987 1865 illum
1010 1806 1173 1877 nefastum,
1203 1824 1292 1883 quem
1312 1803 1377 1880 ipsa
1399 1801 1445 1862 vi·

264 1906 420 1985 ditatque
443 1906 574 1984 appellat
596 1928 623 1966 v.
649 1912 729 1967 201:
752 1894 776 1966 ὦ
798 1909 899 1967 πασᾶν
920 1907 1003 1966 κείνα
1025 1903 1114 1967 πλέον
1136 1898 1232 1985 ἁμέρα
1254 1911 1329 1979 etc.;
1355 1912 1445 1984 atque

264 2010 321 2066 hoc
342 2008 408 2085 ipso
429 2015 594 2082 momento,
627 2030 684 2086 quo
707 2011 904 2087 Clytemestra
926 2010 1074 2083 caeditur,
1104 2029 1180 2089 quae
1202 2011 1295 2069 verba
1316 2008 1446 2067 horribi-

263 2111 304 2170 lia
326 2115 548 2186 Agamemnone
578 2111 736 2172 interiecto
766 2112 820 2172 illa
849 2113 964 2172 elocuta
990 2113 1050 2185 sit,
1076 2114 1230 2172 recordata
1260 2117 1342 2172 tanto
1375 2111 1445 2171 odio

262 2219 407 2293 tantaque
428 2213 604 2274 crudelitate
625 2214 836 2289 inflammatur,
867 2220 902 2275 ut
923 2217 1016 2276 verba
1046 2215 1100 2274 illa
1131 2221 1190 2276 tam
1219 2213 1350 2273 miraeo
1380 2213 1446 2272 dira

266 2322 417 2393 erumpat:
448 2320 587 2391 ,,παῖσον,
619 2313 646 2375 εί
666 2313 792 2393 σθένεις,
822 2316 967 2394 θιπλῆν“;
998 2318 1106 2398 quibus
1127 2317 1228 2377 verbis
1257 2335 1318 2375 non
1349 2317 1444 2375 solum

266 2419 388 2478 fratrem
409 2426 518 2494 monet,
549 2425 591 2493 ut,
618 2419 643 2479 si
665 2428 774 2498 posset,
796 2420 1021 2498 Clytemestram
1043 2421 1145 2480 eodem
1167 2421 1252 2479 modo
1275 2419 1446 2490 interficiat,

267 2540 324 2599 quo
338 2520 405 2597 ipsa
419 2526 670 2598 Agamemnonem
685 2522 836 2598 occiderit,
857 2525 909 2583 sed
932 2523 1021 2582 etiam
1044 2522 1181 2594 efficitur,
1204 2527 1239 2580 ut
1260 2541 1371 2595 omnes,
1394 2521 1446 2599 qui

266 2642 325 2681 una
347 2643 412 2682 cum
435 2624 555 2684 Electra
575 2625 625 2685 vel
646 2624 736 2683 huius
758 2624 859 2685 verbis
881 2628 990 2684 παῖσον
1013 2630 1068 2684 eto.
1098 2623 1205 2685 moniti
1227 2644 1344 2683 scenam
1364 2623 1448 2683 illam

267 2724 462 2800 Aeschyleam
483 2726 516 2786 in
539 2727 710 2786 memoriam
732 2747 814 2788 suam
834 2733 992 2801 revocant,
1020 2746 1081 2786 non
1114 2732 1174 2786 tam
1202 2732 1327 2786 matrem
1358 2746 1446 2805 quam

266 2827 420 2887 mulierem
451 2829 686 2888 scelestissimam
724 2836 754 2889 ct
782 2829 1070 2907 impudentissimam
1101 2830 1178 2888 hanc
1211 2849 1274 2888 esse
1305 2827 1446 2902 sentiant,

267 2950 341 3010 quae
365 2950 477 2990 summo
507 2930 572 2991 inre
602 2951 619 2990 a
651 2931 753 2992 liberis
776 2932 1006 3008 Agamemnonis
1038 2937 1142 2992 necata
1173 2951 1282 3008 poenas
1304 2931 1363 2990 iam
1394 2932 1447 2990 diu

267 3032 381 3092 debitas
402 3053 482 3094 nunc
503 3034 600 3094 solvat
631 3035 680 3114 (cl.
710 3038 802 3096 verba
824 3037 907 3095 chori
937 3055 966 3099 v.
994 3035 1089 3108 1417:
1122 3035 1208 3106 ζῶσιν
1239 3032 1270 3094 οί
1289 3035 1343 3114 γᾶς
1364 3027 1446 3094 κάτω

267 3132 417 3210 κείμενοι).
469 3135 534 3194 Tali
563 3137 648 3195 modo
680 3139 755 3197 hanc
786 3158 904 3198 scenam
926 3136 1118 3214 interpretati
1140 3137 1315 3213 Sophoclem
1336 3137 1447 3196 iterum

266 3241 360 3294 artem
382 3256 464 3296 snam
486 3238 652 3297 ostendisse
675 3241 845 3320 nullamque
868 3260 930 3300 rem
954 3239 1113 3299 acensilio
1136 3259 1188 3299 suo
1211 3238 1338 3298 alienam
1359 3239 1448 3300 insti·

266 3337 360 3398 tuisse
382 3339 481 3398 nescio
504 3358 541 3398 an
565 3343 767 3403 concedamus.

360 3446 402 3500 At
430 3440 566 3520 quamvis
595 3443 737 3518 pessimos
767 3445 949 3507 describeret
980 3452 1069 3525 poeta
1099 3466 1195 3506 mores
1225 3448 1447 3526 Clytefflestrae,

266 3549 365 3605 tamcn
397 3543 461 3604 eius
489 3545 594 3604 caedes
625 3566 678 3623 pro
711 3553 931 3622 Agamemnone
968 3550 1064 3610 occiso
1103 3550 1238 3608 confecta
1267 3569 1326 3610 non
1357 3549 1447 3626 plane

265 3647 345 3707 iusta
365 3647 463 3709 videri
486 3655 611 3727 poterat,
634 3648 685 3706 ubi
709 3652 813 3708 caedes
828 3651 1059 3727 Agamemnonis
1080 3651 1176 3728 ipsius
1198 3673 1264 3711 cum
1285 3653 1351 3712 iure
1375 3672 1448 3732 quo-

267 3750 333 3807 dam
355 3751 487 3824 perfecta
516 3756 579 3825 est,
608 3750 628 3812 i.
652 3771 676 3814 e.
706 3751 730 3810 si
754 3751 949 3829 Clytemestra
971 3774 1029 3814 non
1053 3756 1142 3831 plane
1163 3754 1274 3814 iniuria
1295 3775 1358 3814 rem
1380 3774 1448 3831 per·

266 3849 356 3922 fecit,
386 3852 437 3909 sed
459 3855 497 3913 ah
518 3857 739 3930 Agamemnone
763 3854 828 3930 ipso
850 3853 969 3915 irritata
990 3863 1079 3937 atque
1103 3857 1132 3918 ei
1153 3857 1271 3918 infensa
1292 3857 1360 3922 init.
1405 3865 1449 3918 At

267 3952 426 4028 Sophocles
449 3955 485 4012 ad
508 3957 659 4035 antiquam
681 3957 811 4017 fabulam
833 3959 973 4032 recurrit,
1006 3980 1064 4038 qua
1087 3966 1268 4036 Agamemno
1291 3960 1355 4020 sine
1384 3961 1447 4021 ullo

265 4056 332 4115 iure
354 4074 456 4115 caesus
477 4061 537 4129 est3
559 4066 639 4118 recte
663 4058 791 4139 quidem,
814 4061 866 4120 sed
884 4060 1071 4122 Stesichorus
1093 4061 1205 4142 aliique
1227 4069 1450 4124 antecesserant

266 4157 471 4237 imprimisque
501 4161 681 4238 Aeschylus,
722 4162 805 4220 enine
835 4162 984 4240 trilogiam
1012 4164 1045 4223 in
1077 4172 1275 4242 spectatorum
1304 4166 1449 4226 memoria

267 4277 330 4324 esse
353 4260 509 4338 oportebat
531 4265 619 4340 atque
649 4283 665 4320 a
690 4263 835 4339 Sophocle
857 4269 922 4342 ipso
945 4266 977 4325 in
1001 4267 1098 4328 caedis
1123 4269 1337 4349 Clytemestrae
1359 4288 1450 4332 scene
