3238 4956
637 330 850 406 ..ομ

149 509 232 574 renti
259 534 291 576 v.
317 518 414 575 laea:
445 506 466 573 il
497 507 523 572 d'
554 501 680 592 cleptica
710 535 762 590 μοι
789 514 829 597 τῷ
851 505 979 594 ιταρύντι
1006 513 1063 574 νύν
1083 505 1180 597 χρόνῳ
1202 501 1332 591 σήμαιν’,

150 611 232 678 ὅπου
259 615 402 690 φανέντες
429 609 671 695 ἢκεκρνμμλνοι
693 618 839 696 γελῶντας
870 610 998 697 ἐχθρούς
1029 611 1196 693 καύσομεν
1213 619 1250 700 τῇ
1279 617 1334 675 νύν
1408 673 1412 680 .

152 712 214 800 ύόρῐ
236 721 358 782 Electra
379 721 558 797 respondet:
582 710 651 794 αλλ’,
675 706 698 778 oi
722 717 890 799 κασίγνηθ’,
913 707 976 792 οἷδ’,
1000 714 1083 790 ὅπως
1104 717 1154 779 καλ
1178 716 1224 778 σοὶ
1247 717 1335 794 φίλον

151 821 204 882 καὶ
225 816 339 898 τούμον
361 819 442 882 ἔσται
463 819 528 905 τῇδ’
552 865 609 882 ...
642 817 703 882 ἀλλ’
727 813 818 882 οἶσθα
846 817 899 898 μὲν
921 817 1089 882 τύνθένιλε·
1113 824 1178 893 πῶς
1199 817 1255 901 γὰρ
1279 815 1333 897 ούγ

151 919 253 985 κλύων
275 918 415 986 ὁθούνεκ’
431 923 582 1006 Αἴγισθος
603 920 657 1002 μὲν
679 919 716 985 ού
735 919 811 985 κατὰ
826 922 938 1005 στέγας,
962 919 1057 1004 μήτηρ
1081 923 1106 984 d'
1123 923 1155 985 ἐν
1178 924 1281 999 οἴκοις,
1304 929 1334 985 et

152 1029 229 1090 ultio
252 1029 319 1108 ipsa
339 1031 404 1090 fere
426 1051 481 1090 sua
503 1033 609 1108 sponte
639 1029 782 1090 facillima
805 1029 925 1104 evenit;
958 1049 1027 1089 nam
1048 1033 1145 1089 matre
1168 1048 1253 1090 caesa
1274 1031 1334 1088 Ae·

152 1133 273 1207 gisthrm
294 1133 375 1192 fama
395 1131 448 1192 illa
462 1133 588 1208 vulgata
608 1131 688 1192 redit
710 1131 776 1192 sine
796 1132 868 1192 ullis
890 1130 1058 1206 comitibus,
1081 1133 1160 1212 quod
1182 1151 1217 1190 eo
1240 1130 1334 1206 magis

154 1235 324 1295 mirandum
340 1241 394 1310 est,
414 1236 494 1315 quod
508 1236 697 1312 paedagogus
714 1236 970 1296 mouetv.1870:
993 1231 1020 1292 εἰ
1033 1231 1059 1292 d’
1075 1230 1221 1308 ἐφέξετον,
1244 1253 1335 1311 φρον-

151 1335 235 1410 τίζει)
263 1329 305 1408 oie
334 1331 453 1408 τούτοις
474 1357 504 1396 τε
536 1333 586 1396 καλ
610 1333 794 1417 σοφωτέροις
815 1329 927 1397 dilores
948 1329 1063 1396 τούτων
1085 1335 1198 1397 ιτλεέοσι
1220 1328 1331 1414 μαχού-

152 1461 244 1516 μενοι.
289 1442 453 1520 Sophocles
474 1440 571 1516 igitur
588 1440 807 1503 verisimilitati
829 1439 948 1520 quidem
972 1440 1098 1500 actionis
1120 1461 1180 1500 non
1195 1460 1334 1514 magnam

152 1563 275 1620 operam
298 1544 397 1617 dedit,
431 1544 591 1622 Euripides
622 1546 680 1605 hae
709 1545 746 1603 de
775 1538 810 1604 re
833 1545 1012 1620 Sophoclem
1042 1543 1139 1604 multo
1163 1542 1334 1620 superavit3
1370 1545 1371 1548 ’

151 1667 223 1722 ergo
245 1647 351 1706 Flesse
379 1652 411 1706 et
439 1647 577 1708 Ribbeck
607 1647 805 1707 concludunt:
833 1646 994 1723 Euripides
1024 1645 1173 1724 posterior
1204 1649 1251 1706 est
1280 1645 1333 1704 So-

152 1750 277 1828 phocle,
309 1748 374 1809 eine
407 1749 499 1810 dubio
529 1755 643 1828 pugnat
674 1755 777 1810 contra
799 1749 977 1828 Sophoclem
1009 1769 1135 1830 eumque
1166 1749 1335 1826 vituperat3

152 1857 243 1932 atque
266 1852 331 1911 sine
353 1853 455 1926 dubio,
478 1851 504 1912 si
527 1852 690 1928 Sophocles
713 1857 832 1913 secutus
861 1857 940 1913 esset
962 1851 1154 1930 Euripidem,
1185 1851 1252 1910 fieri
1274 1871 1335 1910 nou

151 1955 259 2036 potuit,
283 1955 356 2034 quin
378 1957 433 2014 has
454 1976 504 2015 res
525 1957 562 2015 ab
579 1955 724 2032 Euripide
739 1955 880 2016 inventes
900 1955 1070 2031 respexerit
1091 1958 1181 2034 atque
1202 1953 1334 2014 usitave·

151 2059 196 2118 rit
224 2059 289 2136 (vel
310 2065 345 2117 ut
366 2057 527 2119 Ribbeckii
548 2058 643 2136 ipsius
673 2060 711 2119 de
733 2060 790 2118 hao
811 2078 845 2118 re
867 2057 970 2119 verbis
992 2049 1080 2117 utar:
1111 2057 1209 2130 „allen
1231 2055 1336 2115 diesen

152 2163 356 2236 Neuerungeu
395 2162 448 2222 des
478 2161 639 2238 Euripides
677 2165 850 2237 gegeniiber
885 2163 971 2221 hitto
1011 2160 1061 2220 die
1099 2158 1335 2236 Sopholrleische

151 2265 286 2337 Elektra,
308 2284 397 2326 wenu
421 2264 464 2324 sie
487 2270 550 2324 erst
570 2266 711 2325 dadurch
725 2263 963 2340 hervorgeruieo
988 2263 1052 2323 sein
1074 2263 1172 2337 sollte,
1194 2261 1227 2321 in
1249 2263 1337 2323 recht

152 2367 421 2434 unbekiimmerter
442 2367 543 2428 Weise
566 2367 686 2428 einiaoh
708 2366 757 2426 die
780 2367 862 2426 alten
885 2367 1167 2440 Voraussetaungeu
1189 2365 1252 2424 und
1274 2368 1337 2422 An·

152 2470 347 2542 scheuuugen
369 2469 676 2546 wiederhergeetollt,
711 2471 791 2530 ohne
819 2470 851 2529 in
876 2469 975 2529 einem
997 2468 1136 2544 einnigen
1158 2468 1260 2527 Punlrt
1282 2487 1335 2526 aus

152 2573 210 2631 der
227 2571 332 2631 Kritik
346 2573 465 2633 Nutzen
488 2593 526 2632 zu
548 2571 718 2650 nichen?“).

240 2675 300 2734 Sed
322 2693 503 2754 quamquem
521 2675 697 2754 Euripidem
719 2674 785 2736 sine
807 2675 899 2736 dubio
921 2693 989 2734 cum
1005 2673 1129 2734 oonsilio
1145 2693 1228 2734 suam
1243 2672 1336 2733 ratio·

151 2797 222 2838 nem
245 2779 431 2856 Sophocleao
460 2777 651 2856 opposuisse,
685 2778 788 2840 verbis
819 2770 901 2837 ούτοι
934 2773 1056 2854 βασιλέα
1078 2778 1196 2851 φαῦλον
1217 2779 1336 2835 κτανεῖν

151 2882 195 2957 (v.
220 2881 296 2958 760)
329 2883 418 2961 (quae
439 2880 506 2958 ipsa
528 2902 581 2941 suo
602 2883 668 2942 loco
692 2880 805 2960 optime
834 2880 1062 2958 intelliguntur)
1095 2884 1200 2939 contra
1221 2880 1336 2956 Sopho·

151 2985 229 3044 olem
251 3003 409 3062 pugnasse,
431 2984 482 3044 ubi
505 2983 683 3063 Euripidem
705 2983 902 3063 posteriorem
925 3003 991 3043 essa
1013 2981 1080 3040 eliis
1102 2985 1192 3043 rebus
1214 2982 1336 3040 demon·

151 3091 281 3146 stratum
305 3085 378 3160 erit,
410 3089 557 3161 concedo,
585 3092 687 3147 tamm
708 3088 765 3147 hac
786 3087 854 3165 ipsa
877 3085 1135 3161 argumentatione
1159 3085 1336 3163 Sophoclem

151 3188 351 3249 antecessisse
365 3208 426 3248 nou
442 3209 616 3267 persuasum
632 3191 730 3251 habeo
744 3194 836 3270 atqua
851 3188 951 3250 nescio
967 3209 1005 3248 an
1021 3188 1145 3248 nimiam
1159 3189 1250 3248 fidem
1265 3208 1336 3248 suae

150 3291 378 3352 ratiocinationi
394 3293 556 3354 habuerint
576 3291 623 3352 illi
645 3292 723 3364 viri3
747 3312 927 3373 quamquem
947 3293 1076 3352 multum
1099 3295 1191 3366 abest,
1214 3295 1248 3350 ut
1270 3311 1336 3350 cum

150 3393 292 3454 Bruhuio
314 3395 436 3474 quidem
459 3395 651 3469 consentiam,
675 3396 727 3477 qui
750 3417 790 3457 ex
811 3400 896 3474 parte
912 3396 1039 3456 adversa
1053 3394 1213 3473 proponit:
1234 3394 1337 3475 „quid,

151 3499 180 3558 ei
203 3498 340 3557 consulto
363 3501 579 3576 aspernabatur
600 3499 778 3576 Sophocles,
810 3519 886 3579 quae
916 3500 1076 3576 praeberet
1105 3496 1337 3558 adversarius?“

149 3621 244 3682 quam
266 3620 330 3661 rem
353 3599 521 3679 oppositam
544 3602 616 3662 satis
637 3604 737 3663 levem
759 3607 843 3679 puto.

245 3703 305 3762 Sed
327 3703 415 3764 aliter
439 3703 597 3765 Ribbeoln'i
619 3707 837 3780 argumentatio
859 3705 960 3766 nescio
992 3725 1029 3765 en
1057 3703 1256 3764 labefactetur
1285 3703 1337 3763 So·

150 3805 275 3886 phoolie
303 3806 399 3884 ipsius
420 3807 523 3867 fabule
551 3812 704 3887 respecta3
736 3807 847 3868 etonim
879 3807 905 3868 si
935 3825 1137 3886 supponamus
1158 3807 1338 3884 Sophoclem

150 3909 354 3988 postoriorem
384 3929 465 3984 esse,
506 3909 682 3987 Euripidem
719 3909 944 3972 verisimilitate
982 3909 1071 3970 valde
1100 3929 1205 3987 pressa
1235 3914 1339 3970 contra

150 4012 341 4090 Aeschylum
362 4033 424 4072 nou
439 4032 589 4092 pugnasse
611 4013 662 4074 vel
677 4031 813 4091 pugnare
835 4031 896 4072 nou
912 4011 1047 4091 potuisse
1070 4011 1137 4092 quis
1155 4010 1337 4072 contendet?

149 4113 416 4195 Similitoratque
437 4115 470 4174 in
493 4134 583 4176 scene
613 4116 666 4176 illa
688 4113 853 4194 paedagogi
875 4118 913 4176 ab
935 4115 1055 4174 Electra
1085 4116 1123 4174 de
1146 4114 1239 4192 siguis
1263 4113 1336 4173 eatis

148 4217 241 4292 notis,
266 4237 345 4298 quae
359 4217 585 4279 verisimilitate
601 4225 712 4290 carent,
734 4216 881 4279 retututi?
903 4217 1081 4297 Sophoclem
1096 4237 1169 4281 vero
1192 4235 1336 4296 quasnam

146 4341 199 4385 res
228 4339 301 4384 suae
331 4320 557 4404 compositionis
587 4320 724 4387 Ribbeck
757 4325 845 4406 putat
873 4325 1060 4387 mutaturum
1089 4317 1205 4388 tuisse?
1258 4320 1335 4386 Nam
