3238 4956
716 229 985 350 ‘²502'

244 426 275 482 et
296 413 401 499 Eurip.
426 421 486 481 826
510 441 554 500 sq.
587 421 640 496 τῆς
662 416 735 496 ἐμῆς
756 412 867 498 μητρὸς
889 411 977 489 πόσις
1006 409 1024 478 ὅ
1045 411 1166 489 κλεινός.
1218 423 1320 500 Atque
1349 415 1423 481 alias

244 544 363 604 quoque
392 523 602 584 similitudines
633 523 685 596 ct,
716 527 751 582 nt
781 523 871 598 Soph.
896 523 956 581 267
980 541 1047 602 sqq.
1077 542 1142 582 cum
1165 524 1269 600 Earip.
1294 529 1355 584 314
1378 544 1423 602 sq.

245 633 276 688 et
298 633 358 686 320
382 646 448 706 sqq.
470 631 525 689 etc.
571 625 681 684 Omnes
712 631 810 684 autem
839 643 886 684 res
916 627 952 684 ab
976 624 1119 703 Euripide
1148 627 1248 686 auctas
1271 645 1334 685 esse
1364 611 1425 684 iam

245 736 332 791 antea
360 731 533 790 universum
561 729 718 807 utriusque
744 732 851 805 poetae
881 727 1037 788 consilium
1067 727 1220 808 explicans
1248 747 1424 789 commemo-

243 833 318 908 ravi,
344 833 459 910 etipse
481 831 568 890 facile
590 830 693 892 ridere
715 833 807 908 potes.

330 935 413 999 Quae
435 955 501 994 cum
530 933 573 994 ita
594 931 670 1006 sint,
701 931 862 1010 Euripides
892 935 930 993 de
959 938 1022 994 tota
1051 935 1106 994 hac
1136 953 1224 996 scena
1246 934 1423 1011 Sophoclem

244 1038 407 1098 aemulatus
429 1055 492 1098 esse
514 1035 644 1096 videtur.
691 1035 736 1094 sd
763 1055 850 1114 quam
878 1035 1056 1096 senteutiam
1089 1036 1286 1097 adiuvandam
1316 1038 1423 1096 addere

244 1145 331 1217 potes
351 1145 382 1200 ct
403 1144 584 1216 spectatores
606 1143 637 1198 et
658 1137 793 1197 Orestem
808 1139 1004 1215 Euripideum
1024 1140 1158 1200 Electrae
1179 1139 1273 1218 ipsius
1295 1159 1423 1218 pauper·

244 1249 335 1303 tatem
357 1250 389 1305 et
410 1241 575 1320 penuriam,
599 1263 616 1301 a
639 1261 697 1320 qua
718 1241 784 1318 ipsa
806 1240 1016 1317 proficiscitur,
1037 1242 1096 1302 iam
1120 1263 1180 1304 non
1202 1241 1340 1318 ignorare
1362 1262 1424 1301 nou

244 1345 343 1405 minue
366 1366 454 1425 quam
477 1365 540 1405 eam
562 1345 726 1420 virginem,
757 1343 934 1419 Aegisthum
965 1365 1036 1405 vero
1059 1349 1218 1422 tyrannum
1249 1350 1344 1404 terrae
1365 1349 1424 1403 Ar·

245 1449 331 1524 gisae
354 1469 418 1510 esse
440 1453 514 1522 eto.;
540 1448 734 1526 Orestemque
756 1447 854 1523 ipsum
877 1447 954 1506 nihil
977 1447 1058 1507 aliud
1081 1447 1263 1527 quaesivisse
1286 1450 1322 1506 ab
1337 1449 1425 1507 Elec·

244 1558 298 1625 tra,
320 1551 377 1611 nisi
402 1553 482 1631 quod
503 1552 578 1611 haec
600 1551 759 1626 respondet
781 1570 829 1610 vv.
855 1555 1020 1609 eas-aet
1032 1596 1040 1624 ,
1070 1551 1113 1610 ita
1141 1555 1176 1610 ut
1203 1550 1255 1609 illa
1288 1556 1425 1609 accurata

244 1673 332 1715 cansa
353 1674 406 1714 cur
428 1655 507 1714 dicat
521 1675 571 1714 vv.
588 1657 755 1711 300-302
779 1653 851 1713 satis
872 1653 958 1728 mira,
980 1657 1132 1732 totamque
1154 1655 1192 1712 ad
1206 1671 1323 1713 scenam
1346 1672 1425 1712 com-

244 1759 426 1833 ponendam,
455 1775 521 1815 oum
543 1742 703 1832 Sophocles
725 1773 779 1815 suo
801 1754 896 1832 ipsius
918 1755 1040 1830 ingenio
1063 1754 1184 1833 proprio
1215 1774 1250 1814 ac
1270 1773 1351 1814 more
1373 1757 1426 1814 ad·

245 1861 350 1919 ductus
372 1858 420 1932 sit,
443 1877 496 1919 sua
517 1863 622 1935 sponte
644 1856 803 1934 Euripides
825 1857 997 1934 pervenisse
1020 1877 1079 1916 non
1101 1859 1248 1917 videatur.

329 1963 373 2021 At
394 1960 465 2020 satis
487 1960 619 2020 incertae
641 1960 697 2018 hae
719 1959 850 2019 rationes
872 1967 955 2033 snnt;
987 1980 1055 2020 nam
1078 1959 1245 2036 Euripides,
1267 1965 1425 2038 postquem

244 2065 364 2124 Orestes
387 2081 440 2140 per
462 2061 687 2123 collocutionem
710 2081 873 2142 coenasque
895 2063 1104 2123 antecedentes
1126 2061 1324 2134 omniafere,
1347 2079 1425 2139 quae

245 2165 410 2243 comperire
437 2165 551 2239 velerit,
581 2164 742 2241 comperit,
772 2163 806 2223 in
835 2165 895 2226 fine
918 2165 1123 2226 collocutionis
1144 2166 1293 2224 Electram
1324 2183 1425 2223 nonne

245 2287 346 2328 omnes
376 2284 422 2327 res
450 2269 546 2327 adhuc
576 2267 706 2343 prolatas
737 2267 982 2344 complectentem
1017 2271 1108 2346 atque
1140 2267 1245 2326 nuntio
1277 2265 1426 2339 simulato,

246 2391 333 2450 quem
354 2370 455 2447 paullo
477 2371 604 2446 posted
625 2369 746 2428 fratrem
768 2369 932 2430 rediturum
965 2389 1027 2430 esse
1059 2369 1185 2430 fortasse
1207 2373 1310 2449 putet,
1344 2389 1425 2428 oom-

244 2473 445 2534 municcntem
467 2472 518 2531 vel
538 2475 723 2547 repetentem
745 2491 844 2531 nonne
865 2473 964 2532 facere
985 2471 1084 2550 potuit
1106 2492 1159 2530 sua
1180 2470 1307 2551 sponte?

330 2578 431 2655 Atque
460 2573 506 2633 illi
535 2593 640 2634 versus
664 2572 723 2632 297
748 2593 815 2653 sqq.
847 2594 885 2632 ex
913 2574 1069 2650 diligentia
1099 2574 1239 2634 universa
1268 2574 1359 2633 nimia
1390 2595 1427 2634 ac

245 2697 315 2737 cure
337 2695 437 2736 causas
458 2695 575 2754 semper
597 2675 750 2750 afferendi,
772 2696 860 2756 quam
876 2677 1033 2755 Euripides
1055 2677 1123 2738 aliis
1146 2697 1264 2757 quoque
1286 2677 1318 2736 in
1340 2677 1429 2736 iabu-

245 2779 283 2839 lis
304 2799 376 2856 prae
398 2795 429 2837 se
451 2779 526 2851 fert,
560 2777 714 2839 effluxisse
736 2784 869 2856 possunt.
924 2777 1023 2842 Quare
1053 2781 1108 2840 hos
1138 2799 1242 2842 versus
1272 2785 1427 2858 totumque

245 2901 378 2956 scenam,
412 2879 565 2959 quamvis,
596 2880 648 2940 ubi
670 2881 845 2958 Sophoclem
868 2883 1060 2942 antecessisse
1091 2882 1159 2942 aliis
1181 2881 1276 2942 causis
1299 2886 1427 2956 constat,

245 2983 293 3043 his
316 3003 434 3064 quoque
455 2983 529 3044 locis
551 2984 725 3060 Euripidem
755 2987 792 3044 ad
821 2985 909 3044 illum
936 2985 1071 3045 allusisse
1103 3004 1163 3045 non
1185 2986 1351 3060 negandum
1374 2983 1427 3058 sit,

246 3092 347 3145 minen
368 3104 422 3143 sua
444 3091 550 3164 sponte
573 3089 610 3146 ab
632 3087 777 3164 Euripide
800 3087 937 3164 componi
959 3088 1091 3166 potuisse
1112 3089 1238 3148 fortasse
1260 3088 1427 3147 conceden-

246 3189 316 3246 dum
338 3186 410 3258 erit;
439 3185 588 3263 imprimis
617 3209 684 3248 cum
712 3192 749 3249 de
778 3190 909 3249 moribus
939 3210 1132 3266 personarum
1161 3193 1216 3249 hac
1243 3209 1361 3269 quoque
1389 3188 1427 3247 in

245 3307 333 3349 scena
355 3287 556 3348 describendis
577 3309 662 3350 suum
684 3292 779 3368 ipsius
794 3291 951 3352 consilium
966 3293 1077 3369 optime
1093 3298 1226 3353 secutum
1248 3311 1312 3350 esee
1333 3310 1427 3368 supra

245 3393 479 3451 demonstratum
500 3391 549 3454 sit.

332 3493 447 3557 Quibus
467 3495 557 3554 rebus
588 3514 627 3553 ex
648 3496 772 3557 adversa
799 3503 885 3574 parte
913 3499 1040 3559 fortasse
1061 3497 1186 3576 prolatis
1213 3497 1245 3557 id
1266 3495 1361 3556 solum
1389 3495 1426 3556 in

201 3640 203 3644 .
245 3595 416 3658 memoriam
438 3615 576 3656 revocare
598 3616 717 3674 possum
740 3619 773 3659 ac
795 3601 886 3660 velim
908 3601 967 3660 iam
990 3600 1062 3660 alias
1085 3620 1134 3660 res
1154 3599 1227 3660 satis
1241 3601 1350 3659 multas
1367 3618 1425 3658 nos

245 3698 406 3772 invenisse,
429 3699 536 3777 quibus
559 3703 662 3761 eadem
684 3707 785 3762 nostra
807 3703 956 3763 sententia
971 3703 1137 3776 adiuvetur,
1160 3723 1225 3762 cunr
1247 3701 1426 3761 contrariam

246 3799 424 3860 senteutiam
446 3803 541 3862 adhuc
564 3803 684 3882 quidem
707 3805 798 3864 nullis
821 3805 916 3865 causis
937 3805 1053 3866 idoneis
1075 3806 1229 3884 probatam
1251 3804 1427 3883 viderimus,

245 3902 288 3962 ita
317 3908 351 3960 ut
372 3902 545 3980 Euripidem
567 3905 697 3983 priorem
727 3927 790 3966 esse
821 3908 915 3968 mirlto
948 3907 1047 3968 minus
1076 3907 1241 3968 verisimile
1270 3907 1312 3966 sit
1333 3925 1427 3986 quam

245 4005 432 4082 Sophoclem.

330 4107 387 4168 Sed
410 4107 510 4166 nescio
532 4129 570 4167 en
593 4111 629 4169 de
645 4112 819 4189 quaestione
841 4117 945 4173 nostra
964 4113 1155 4173 diiudicanda
1176 4113 1255 4173 ultra
1274 4112 1429 4174 verisimi-

245 4209 359 4272 litatem
381 4211 419 4270 ad
441 4209 628 4271 certitudinis
656 4213 746 4272 finem
776 4215 989 4292 perveniamus
1017 4216 1107 4278 unius
1134 4235 1240 4277 scenae
1265 4216 1429 4298 utrobique
