3238 4956
696 295 940 360 ..22-

243 473 381 533 caedibus
404 469 544 548 perfectis
565 488 635 543 non,
658 471 691 528 ut
713 470 792 545 apud
814 467 1006 544 Sophoclem,
1027 469 1129 528 statim
1149 467 1250 528 fabula
1271 466 1337 545 ipsa
1357 487 1424 545 per·

243 579 320 634 fecta
342 581 395 646 est,
418 576 483 646 sed,
518 578 550 631 ut
571 572 651 646 apud
672 570 855 646 Aeschylum
879 570 998 629 Orestes
1019 570 1079 628 iam
1101 570 1133 628 in
1156 570 1341 647 Ohoephoris
1363 572 1422 631 Eu·

244 679 302 736 rias
325 697 450 754 poenam
482 677 517 734 de
540 672 696 732 matricida
725 679 893 748 sumpturas
922 672 1044 749 aspicit,
1075 672 1117 730 sic
1147 675 1225 750 apud
1248 673 1422 749 Euripidem

244 801 362 859 quoque
386 780 519 838 Orestem
540 775 681 835 facinoris
710 774 757 835 sui
787 795 973 851 summopere
1002 774 1156 852 poenitere
1178 774 1313 834 ridemus
1334 783 1422 853 atque

243 903 296 958 per
319 885 405 940 deum
428 901 467 940 ex
488 879 627 938 machina
659 897 732 957 quas
754 898 865 954 poenas
887 898 1027 954 passurus
1057 877 1097 936 sit
1127 878 1331 954 comperimus.
1382 879 1421 937 In

244 984 399 1063 utriusque
422 983 514 1058 igitur
537 981 638 1040 fabula
659 981 761 1041 matris
784 984 888 1041 caedes
910 1000 969 1041 non
984 981 1106 1056 impune
1128 981 1179 1054 fit3
1202 986 1331 1040 attamen
1355 1001 1421 1039 sen-

243 1087 355 1146 tentiae
378 1085 520 1160 Aeschyli
543 1090 573 1143 et
594 1083 747 1160 Euripidis
769 1085 806 1142 de
827 1083 931 1142 matris
953 1083 1042 1142 csede
1063 1082 1218 1144 differunt.

329 1189 418 1264 Apud
441 1186 623 1262 Aeschylum
653 1205 691 1244 ex
712 1186 775 1245 fato
807 1187 933 1264 quodam
955 1185 1164 1261 Pelopidarum
1194 1187 1297 1244 caedes
1319 1185 1421 1244 matris

244 1290 306 1349 filio
329 1290 510 1366 perficienda
532 1292 593 1362 est,
617 1289 697 1367 quod
719 1293 753 1348 ut
774 1290 812 1347 ad
833 1288 972 1347 effectum
993 1288 1104 1362 veniat,
1127 1288 1247 1348 Orestes
1270 1289 1306 1346 ab
1329 1288 1421 1363 Apol·

244 1395 305 1451 line
326 1391 468 1451 incitatus
489 1390 606 1465 magnis
628 1390 740 1472 poenis,
763 1391 788 1449 si
810 1411 870 1450 non
893 1392 1013 1464 faceret,
1033 1391 1258 1451 imminentibus
1280 1390 1331 1467 (ef.
1351 1391 1420 1451 Oho.

245 1496 320 1570 270)
348 1529 389 1537 —
412 1494 517 1554 iisdem
540 1493 618 1565 scil.,
641 1513 714 1572 quas
736 1498 839 1569 postea
860 1493 953 1553 solvit
973 1502 1095 1571 propter
1116 1494 1227 1554 factum
1248 1494 1356 1570 ipsum,
1382 1489 1426 1537 -’

244 1619 304 1657 non
328 1618 380 1656 sua
402 1603 509 1673 sponte
539 1597 591 1654 sed
621 1603 740 1659 coactus
768 1598 886 1656 caedem
913 1596 1032 1672 perficit
1059 1598 1109 1676 (ef.
1133 1597 1204 1664 Oho.
1230 1601 1309 1672 899).
1354 1595 1420 1660 Ono

244 1702 321 1759 facto
345 1721 410 1759 eum
433 1719 542 1776 poenas
564 1719 596 1759 se
617 1700 755 1758 daturum
777 1718 840 1758 esse
862 1704 1027 1773 cognoscat,
1050 1701 1085 1758 ad
1108 1699 1267 1776 Apollinis,
1291 1700 1344 1779 qui
1361 1701 1421 1760 ius-

245 1803 347 1875 sisset,
381 1802 525 1878 templum
547 1821 577 1860 se
600 1801 749 1860 aditurum
783 1821 846 1860 esse
875 1802 1064 1878 pronuntiat,
1096 1804 1175 1861 unde
1208 1802 1245 1861 ad
1267 1803 1422 1862 Minervae

243 1925 358 1964 sacrum
381 1905 544 1980 fugientem
565 1904 669 1983 ibique
698 1923 753 1979 per
774 1906 962 1980 Areopagum
984 1904 1127 1980 Apolline
1157 1906 1313 1964 defensore
1335 1907 1422 1982 eulpa

244 2030 296 2068 sua
317 2009 477 2070 liberatum
506 2007 539 2066 in
561 2005 776 2066 Eumenidibus
806 2007 952 2068 videmus.
1004 2008 1051 2064 Ex
1073 2007 1215 2084 Aeschyli
1239 2008 1335 2083 igitur
1356 2029 1423 2067 sen-

244 2111 339 2171 tentia
360 2110 463 2170 matris
486 2112 589 2169 caedes
611 2107 793 2181 necessaria,
821 2107 896 2168 ultio
929 2129 990 2169 non
1011 2111 1145 2185 perfecta
1167 2131 1227 2170 non
1247 2111 1346 2170 minus
1367 2132 1423 2187 pu·

244 2213 355 2273 nienda
377 2234 465 2292 quam
488 2214 590 2271 caedes
612 2211 678 2288 ipsa
700 2215 779 2283 erat,
813 2212 901 2270 caede
923 2216 1023 2270 autem
1044 2215 1177 2289 perfecta
1200 2213 1319 2274 Orestes
1341 2219 1423 2292 post-

245 2337 332 2396 quam
354 2335 464 2392 poenas
487 2315 596 2388 subiit,
629 2313 717 2390 eulpa
739 2334 791 2373 sua
811 2314 966 2377 liberatur.
990 2347 1032 2359 -
1053 2318 1144 2392 Apud
1165 2316 1341 2393 Euripidem
1362 2337 1423 2376 non

245 2421 331 2479 modo
355 2419 475 2478 Orestes
496 2418 571 2494 ipse,
601 2419 653 2476 sed
674 2416 821 2493 imprimis
844 2417 970 2493 Apollo,
1000 2420 1079 2496 quod
1102 2419 1238 2479 Orestem
1258 2419 1424 2494 incitasset,

245 2524 362 2598 eulpam
384 2520 548 2594 commisit,
582 2539 673 2598 quare
706 2522 778 2579 deus
807 2538 868 2581 non
898 2522 993 2580 solum
1025 2524 1062 2581 ab
1086 2522 1192 2584 Oreste
1223 2524 1423 2582 antefactum

245 2625 293 2702 (el.
315 2645 365 2685 vv.
389 2625 460 2696 971,
484 2624 555 2694 979,
578 2620 653 2699 981)
685 2625 715 2681 et
737 2626 840 2698 postea
862 2623 911 2703 (et
934 2643 963 2684 v.
991 2627 1072 2683 1190
1095 2625 1184 2703 sqq.),
1214 2627 1266 2684 sed
1296 2625 1384 2686 etiam
1405 2647 1424 2684 a

246 2727 399 2787 Dioscuris
420 2725 519 2785 lucide
541 2723 729 2801 vituperatur
751 2723 800 2802 (cf.
822 2744 851 2784 v.
877 2729 975 2786 1246:
1009 2718 1106 2800 σοφὸς
1128 2725 1153 2785 d'
1178 2719 1220 2786 siv
1242 2723 1299 2786 οὐκ
1321 2724 1424 2806 ἔχρησέ

246 2847 295 2889 σοι
316 2824 421 2907 σοφά).
466 2827 587 2888 Orestes
619 2831 718 2886 autem
740 2831 899 2906 postquam
927 2828 1000 2888 eatis
1029 2849 1150 2904 magnas
1181 2849 1293 2907 poenas
1322 2830 1423 2904 subiit,

246 2952 343 3010 poena
365 2951 418 2990 sua
439 2931 583 2990 liberatur
604 2949 665 2988 non
699 2931 778 3008 quod
801 2933 890 3006 culpe
910 2930 977 3009 ipsa
1007 2934 1044 2992 ab
1067 2931 1172 2992 Oreste
1193 2933 1259 3010 ipso
1282 2933 1422 3006 solvatur,

245 3070 288 3080 -
309 3055 407 3114 neque
430 3034 509 3094 enim
531 3032 608 3094 solvi
628 3036 728 3109 potest
749 3067 791 3076 -
813 3035 865 3092 sed
888 3033 959 3112 quia
980 3035 1052 3094 deus
1073 3035 1191 3111 eulpam
1214 3035 1340 3112 suscipit
1370 3037 1422 3115 (el.

245 3159 274 3198 v.
293 3141 392 3196 1266:
416 3134 527 3207 Λοξίας
550 3126 606 3214 yolo
625 3131 722 3194 αἰτίαν
744 3132 786 3205 εἰς
809 3127 900 3194 αὑτὸν
922 3133 1006 3209 οἴσει,
1030 3133 1156 3216 μητέρος
1176 3132 1288 3216 χρήσας
1303 3133 1422 3217 φόνον).

246 3240 413 3316 Aeschylus
433 3237 527 3312 igitur
558 3237 721 3298 demetria
752 3240 841 3298 caede
867 3238 1064 3316 improbanda
1091 3247 1248 3316 superatur
1277 3242 1313 3300 ab
1334 3241 1424 3301 Euri-

244 3341 330 3418 pide;
364 3341 412 3400 cni
441 3341 530 3418 plane
558 3339 738 3400 eontrarium
777 3343 822 3400 est
851 3346 1058 3416 argumentum
1089 3343 1303 3418 Sophocleum,
1339 3343 1424 3405 euius

247 3447 367 3506 Orestes
389 3444 524 3520 Apollini
545 3448 669 3503 matrem
692 3443 787 3504 occidi
809 3444 902 3521 patris
923 3445 1086 3505 ulciscendi
1113 3465 1200 3504 eausa
1220 3445 1337 3507 iubenti
1359 3447 1424 3506 sine

245 3547 481 3611 dubitationibus
506 3548 664 3608 obsecutus
686 3546 763 3605 nihil
785 3547 866 3607 aliud
887 3547 947 3608 nisi
970 3550 1050 3628 quod
1071 3548 1175 3608 debuit
1196 3549 1269 3609 feeit
1291 3556 1321 3609 et
1343 3556 1425 3610 tran-

250 3652 342 3731 quille
364 3644 418 3710 τᾶν
440 3647 558 3727 δόμοισι
581 3643 634 3726 μὲν
655 3651 765 3721 καλῶς,
799 3645 950 3710 Ἀπόλλων
972 3649 1000 3709 εἰ
1019 3653 1117 3721 καλῶς
1139 3649 1296 3711 ἐθέσπισεν
1325 3655 1424 3712 refert

249 3754 315 3818 Oua
335 3753 367 3812 in
390 3753 559 3814 differentia
580 3752 714 3813 universi
744 3754 910 3828 argumenti
932 3760 1101 3828 causaest,
1130 3774 1182 3814 eur
1203 3755 1338 3815 ordinem
1360 3775 1424 3814 eae-

247 3856 329 3914 dium
344 3856 538 3932 Aeohyleum,
562 3875 627 3914 oum
642 3856 803 3932 Sophocles
825 3861 1021 3934 perverteret,
1043 3857 1202 3936 Euripides
1224 3857 1282 3917 sibi
1304 3878 1426 3919 serven-

246 3961 315 4017 dum
338 3956 518 4032 aestimarit,
547 3979 584 4018 ne
605 3958 733 4019 adulteri
763 3959 842 4019 iusta
870 3979 943 4019 nece
964 3959 1165 4030 matricidium
1186 3960 1332 4021 iniustum
1362 3961 1425 4022 ullo

246 4063 333 4121 modo
357 4063 552 4133 obtegeretur.

331 4161 417 4227 Quod
437 4162 471 4221 in
492 4163 647 4224 consilium
668 4163 747 4225 idem
769 4164 953 4226 conveniunt
973 4184 1071 4226 mores
1090 4185 1284 4243 personarum
1306 4165 1424 4242 mutati,

244 4267 277 4326 in
301 4266 408 4346 quibus
430 4267 588 4345 praecipue
609 4267 741 4344 insignes
763 4274 833 4329 sunt
857 4268 1079 4348 Clytemestrae,
1102 4290 1177 4352 quae
1201 4274 1425 4346 Agamemnone
