3238 4956
667 219 880 306 ..pan

182 401 371 489 potissimum
395 432 496 473 causas
519 412 632 487 afferat,
655 433 772 474 causam
795 414 925 492 aliquam
947 414 1083 485 invenit,
1112 429 1186 495 quae
1208 413 1366 477 universas

183 515 391 592 compositioni
415 535 474 574 non
498 517 632 594 quadrat·
678 521 777 595 Atque
801 517 943 576 hocloco
966 536 1004 574 ex
1026 536 1123 575 rerum
1140 537 1276 577 connexu
1299 539 1365 578 cau·

182 638 262 690 sam,
294 639 346 678 our
377 620 483 676 chorus
506 618 642 677 Electrae
673 617 835 678 orationem
857 619 993 692 audiret,
1024 618 1124 678 afferri
1155 620 1276 681 omuino
1305 641 1366 680 non

182 741 257 798 opus
286 721 359 792 fuit,
393 718 532 800 quoniam
554 719 730 795 peregrinus
752 722 799 779 vir
822 723 933 792 adstat,
964 721 1012 780 cui
1042 721 1202 798 praecipue
1231 724 1280 781 vel
1308 723 1365 782 soli

180 825 307 883 haeres
330 828 505 895 narrantur3
527 821 636 881 iterum
659 823 712 880 hos
735 843 849 893 versus,
873 830 907 882 ut
929 824 1105 898 Sophoclem
1127 823 1287 899 vituperet,
1311 845 1366 901 po·

182 925 255 986 sitos
278 945 342 984 esse
365 927 401 982 ab
424 923 568 1000 Euripide
591 942 757 998 cognosces,
780 924 832 982 ubi
855 925 1017 986 orationem
1033 926 1168 984 Electrae
1183 926 1362 1002 Euripideae

182 1034 355 1106 sequentem
377 1045 426 1085 vv.
451 1030 511 1084 300
535 1045 599 1103 sqq.
633 1026 793 1085 contuleris
826 1047 892 1086 cum
923 1027 1104 1102 Sophocleae
1135 1048 1184 1088 vv.
1210 1033 1270 1088 254
1294 1049 1359 1109 sqq.

181 1127 343 1186 simillima.
389 1129 463 1186 Nam
485 1128 550 1187 sine
580 1133 660 1186 certa
690 1148 777 1188 causa
799 1129 916 1189 Electra
938 1130 1104 1205 Sophoclea
1127 1150 1177 1204 ea,
1211 1109 1286 1210 quae
1309 1131 1363 1190 vix

182 1239 268 1288 antee
290 1229 430 1304 cantavit,
453 1230 553 1306 paullo
577 1231 741 1305 accuratius
764 1238 864 1290 narrat
893 1231 985 1309 idque
1008 1234 1114 1305 choro,
1146 1253 1272 1311 quocum
1295 1253 1364 1292 oon·

181 1333 339 1394 suetudine
362 1333 520 1392 coniuncta
541 1338 603 1416 est3
626 1353 717 1410 quare
738 1332 771 1390 in
794 1333 910 1392 actione
931 1335 998 1410 ipsa
1020 1336 1102 1393 nulla
1124 1355 1211 1394 causa
1233 1340 1287 1409 est,
1309 1336 1362 1395 sed

180 1435 275 1494 solum
298 1435 329 1493 iu
353 1455 407 1494 usu
430 1455 463 1493 ae
486 1453 566 1493 more
588 1435 751 1512 Sophocleo
774 1435 930 1507 universo,
961 1456 1008 1496 res
1040 1438 1072 1496 in
1095 1456 1208 1496 commo
1231 1437 1361 1513 prolatas

179 1542 415 1613 postcommum
438 1537 571 1596 oratione
593 1536 729 1612 longiore
752 1538 906 1615 repetendi
930 1543 960 1597 et
982 1539 1198 1614 amplificandi,
1226 1539 1277 1617 qui
1300 1559 1362 1598 mos

181 1641 340 1700 cohaerere
370 1640 490 1699 videtur
519 1660 585 1698 eum
614 1639 755 1699 universo
786 1640 941 1716 Sophoclis
973 1641 1086 1715 studio,
1126 1662 1184 1720 quo
1217 1641 1300 1700 chori
1332 1646 1362 1700 et

179 1747 311 1800 actorum
342 1748 441 1818 partes
471 1743 580 1802 arctius
609 1741 689 1802 inter
718 1762 749 1801 se
781 1743 965 1818 adstringere
988 1751 1111 1803 conatur
1141 1744 1190 1818 (cf.
1213 1741 1362 1804 orationes

178 1843 365 1918 Sophocleas,
388 1846 497 1923 quibus
521 1844 687 1904 sententiae
710 1845 741 1902 in
763 1846 884 1904 commis
906 1846 1151 1906 antecedentibus
1180 1845 1239 1904 iam
1270 1845 1363 1921 signi·
1400 1867 1401 1870 ¹

178 1945 283 2005 ficatae
306 1949 471 2007 accuratius
494 1948 700 2024 explicantur,
732 1947 834 2022 Antig.
860 1952 919 2006 891
945 1967 1026 2026 sqq,
1057 1949 1107 2022 Aj.
1132 1952 1298 2006 284—330
1332 1953 1363 2007 et

180 2053 364 2123 430-480,
396 2049 468 2109 Oed.
492 2051 527 2109 R.
554 2055 633 2108 1369
658 2048 747 2128 sqq).
799 2054 899 2128 Atque
929 2051 1006 2108 hanc
1028 2069 1108 2126 rem,
1140 2052 1219 2128 quod
1250 2050 1361 2108 nullam
1443 2045 1445 2058 '

179 2169 294 2210 oausam
318 2151 419 2210 attulit
440 2152 610 2228 Sophocles,
638 2172 688 2210 cur
711 2171 764 2211 sna
786 2152 905 2210 Electra
927 2171 1011 2211 suam
1034 2151 1198 2234 orationem
1222 2156 1362 2230 exponat,

178 2253 300 2328 corrigit
322 2255 371 2313 vel
393 2255 547 2330 vituperet
568 2255 726 2330 Euripides
748 2274 797 2312 vv.
822 2255 882 2312 297
907 2274 989 2332 sqq.;
1021 2273 1098 2331 quae
1120 2253 1278 2327 senteutia,
1302 2273 1361 2333 qua

178 2355 351 2430 Sophoclem
374 2365 539 2433 respectum
563 2377 626 2416 esse
648 2358 699 2416 hic
722 2360 757 2415 ab
775 2357 918 2432 Euripide
942 2363 1087 2432 putamus,
1111 2355 1237 2432 siugulis
1260 2375 1360 2416 scena-

179 2477 243 2516 rum
266 2461 353 2518 rebus
376 2461 543 2519 adiuvatur.
587 2459 758 2519 Sententiae
791 2459 870 2517 enim
902 2459 935 2516 in
964 2458 1135 2522 universum
1168 2461 1287 2518 eaedem
1310 2460 1360 2520 vel

179 2559 290 2619 similes
313 2569 391 2636 sunt,
424 2569 512 2641 atque
542 2562 575 2621 in
597 2562 693 2639 prima
724 2562 844 2640 quidem
874 2565 959 2638 parte
990 2565 1100 2639 quanta
1131 2561 1298 2621 calamitate
1325 2560 1359 2619 in

178 2663 352 2724 uuiversum
375 2665 487 2724 afflicta
510 2665 549 2722 sit
570 2671 639 2741 post
661 2665 709 2724 vel
731 2669 855 2743 propter
870 2668 995 2724 mortem
1018 2663 1111 2739 patris
1133 2665 1170 2722 ab
1185 2664 1359 2723 interfecto·

177 2765 260 2824 ribus
282 2787 376 2846 usque
399 2769 495 2827 adhue
517 2767 598 2826 irrisi
619 2768 785 2842 Sophoclea
808 2767 925 2825 Electra
955 2765 1078 2842 exponit
1106 2785 1156 2826 vv.
1181 2770 1358 2838 nat-281,

178 2867 326 2928 inaltera
347 2891 420 2930 vero
442 2877 545 2946 parte,
567 2891 656 2948 quam
678 2870 754 2928 male
778 2872 920 2929 tractetur
943 2889 960 2928 a
982 2869 1178 2946 Clytemestra
1199 2867 1360 2943 Aegistho·

179 2991 236 3048 que
259 2974 393 3033 adultero
416 2979 537 3049 propter
564 2975 678 3032 luctum
707 2973 800 3050 patris
831 2976 862 3030 et
882 2973 1004 3029 fratrem
1035 2975 1168 3030 amorte
1191 2975 1358 3043 servatum

179 3076 320 3134 extremis
353 3096 424 3135 vero
449 3077 465 3134 7
490 3097 539 3136 vv.
572 3081 682 3154 quanto
706 3073 854 3134 desiderio
877 3073 978 3132 fratris
1000 3071 1153 3132 redeuntis
1174 3072 1299 3148 impleta
1320 3072 1360 3132 sit

177 3178 362 3254 pronuntiat.

266 3285 365 3358 Atque
395 3281 506 3357 primae
538 3281 658 3359 quidem
687 3279 842 3356 Sophoclis
869 3278 948 3355 perti
978 3280 1057 3354 apud
1086 3277 1262 3356 Euripidem
1292 3284 1361 3354 post

178 3381 383 3441 inductionem
399 3383 482 3441 illam
497 3383 693 3461 (300-303)
709 3384 889 3458 respondent
911 3401 959 3442 vv.
977 3384 1142 3439 304-331
1161 3415 1202 3424 --
1218 3382 1254 3438 de
1270 3380 1358 3440 mori-

176 3485 233 3542 bus
255 3484 384 3545 diversis
406 3485 553 3561 imprimis
583 3488 638 3545 hac
661 3505 749 3545 scena
772 3483 984 3560 cognoscendis
1012 3483 1071 3541 iam
1104 3502 1193 3559 supra
1225 3481 1289 3539 dixi
1316 3515 1359 3526 —

178 3591 328 3647 extremae
353 3607 425 3647 vero
448 3588 527 3664 parti
548 3609 597 3649 vv.
622 3576 790 3648 332-339
822 3589 876 3665 (=
900 3588 916 3645 7
940 3587 1020 3664 vu),
1054 3605 1119 3644 cum
1148 3583 1284 3658 versibus
1307 3583 1359 3642 So-

176 3688 294 3765 phoclis
317 3694 503 3761 282-302,
536 3691 645 3768 quibus
667 3690 802 3749 Electrae
835 3695 865 3748 et
887 3690 1102 3766 Clytemestrae
1124 3704 1223 3744 mores
1246 3705 1284 3744 ex
1306 3687 1358 3747 So·

176 3791 294 3868 phoclis
310 3791 523 3867 compositione
540 3792 651 3871 optime
666 3791 882 3864 describuntur,
906 3791 938 3847 in
955 3787 1107 3864 Euripidis
1135 3787 1268 3846 oratione
1283 3789 1359 3848 nihil

175 3896 370 3970 respoudeat,
402 3895 460 3952 nisi
483 3895 575 3968 ratio,
607 3916 665 3974 qua
693 3895 726 3953 in
756 3895 816 3951 fine
838 3892 946 3968 prioris
970 3891 1063 3966 partis
1088 3889 1251 3966 Aegisthus
1272 3891 1359 3950 iudu-

177 3997 273 4069 citur,
298 3996 350 4073 qui
371 4001 405 4055 ut
427 3997 623 4073 Clytemestra
641 3996 806 4074 Sophoclea
828 3996 1022 4053 vehementer
1044 3993 1187 4052 allocutus
1211 3993 1359 4052 Electram

177 4100 310 4174 fingitur,
334 4100 541 4178 imprimisque
565 4100 602 4160 cf.
619 4099 774 4176 epitheton
793 4098 872 4157 idem
889 4116 998 4156 ornans
1012 4095 1218 4172 Aegistho·ab
1233 4098 1360 4172 utraque

175 4207 296 4268 Electra
312 4202 505 4263 attributum:
529 4202 620 4278 Soph.
638 4207 716 4262 300:
740 4191 758 4260 o‘
776 4191 937 4269 κλεινός
955 4244 961 4258 .
979 4247 985 4261 .
1003 4192 1132 4276 νύμφιος
1153 4189 1281 4276 παρών.
1300 4239 1306 4254 .
1325 4239 1334 4258 .

1125 4308 1142 4368 ‘i
