3238 4956
738 277 950 356 ...44-ἡ

257 463 288 526 iu
313 486 465 526 scenarum
488 485 624 524 connexu
646 464 695 526 rel
718 465 931 540 compositione
960 465 1100 524 universa
1121 483 1224 523 causae
1247 464 1342 522 bonae
1375 459 1441 521 sint

263 571 340 645 apud
363 575 529 647 utrumque,
552 569 760 647 inquirendum
784 569 880 644 est1).

344 675 445 750 Atque
469 670 648 748 Aeschylum
671 677 740 730 ante
763 671 862 730 oculos
884 672 1039 749 utriusque
1062 669 1152 727 tuisse
1176 669 1353 744 amatione,
1376 687 1439 747 qua

259 775 409 832 inducitur
438 793 538 845 scena,
562 773 672 843 elnaet3
703 780 737 831 ut
760 773 940 850 Aeschyleus
964 773 1097 852 Orestes,
1129 772 1169 829 sic
1193 771 1373 847 Sophocleus
1405 775 1439 828 et

260 877 437 950 Euripideus
467 875 619 933 mulierem
649 876 937 953 appropinquantem
971 895 1037 933 cum
1068 874 1190 934 videant
1228 875 1276 934 vel
1306 873 1438 945 audiant,

260 999 336 1036 unus
359 979 505 1038 Electram
528 997 591 1035 esse
614 977 779 1053 suspicatus
802 977 932 1049 decedit,
964 995 1078 1036 servam
1102 995 1165 1034 esse
1188 976 1262 1035 alter
1284 979 1382 1034 manet
1405 995 1438 1033 se

259 1082 380 1139 abdens.

345 1187 444 1262 Atque
466 1185 627 1259 Sophocles
656 1184 775 1262 quidem
808 1184 946 1261 quoniam
978 1202 1047 1241 suae
1070 1182 1204 1241 Electrae
1233 1203 1314 1241 snam
1337 1182 1439 1258 Clyte-

261 1290 397 1344 mestram
420 1279 742 1359 mandantem'fingere
771 1305 830 1342 non
861 1289 992 1360 poterat,
1025 1292 1059 1344 ut
1087 1290 1202 1360 patrem
1232 1284 1360 1360 placaret
1381 1303 1438 1358 pro

261 1394 369 1461 matre,
401 1389 488 1446 aliam
511 1407 627 1446 causam
650 1387 767 1446 invenit
795 1405 918 1466 eamque
949 1388 1109 1463 optimam:
1142 1388 1259 1446 Electra
1288 1386 1366 1443 enim
1398 1405 1439 1442 ex

261 1492 399 1550 universa
422 1490 634 1566 compositione
664 1511 682 1549 a
709 1495 801 1548 matre
832 1494 862 1547 et
883 1489 1027 1563 Aegistho
1059 1490 1135 1547 male
1157 1494 1281 1548 tractata
1311 1489 1439 1547 edomo

261 1595 343 1652 exire
366 1596 402 1652 ab
425 1594 481 1652 hoc
503 1593 596 1652 vetita
619 1601 663 1652 est
687 1594 735 1670 (cf.
761 1597 830 1662 312,
856 1593 947 1668 518),
977 1593 1033 1650 hoc
1056 1597 1152 1651 autem
1176 1593 1232 1664 die,
1255 1613 1313 1671 quo
1337 1592 1441 1648 drama

262 1697 307 1771 agi
331 1696 469 1771 fingitur,
502 1696 664 1770 Aegisthus
697 1700 783 1753 extra
814 1695 932 1753 domum
965 1700 994 1753 et
1016 1697 1119 1753 urbem
1142 1701 1204 1765 est3
1235 1715 1304 1768 ergo
1335 1699 1441 1752 contra

262 1798 326 1856 eius
347 1799 458 1857 iussum
482 1798 599 1856 Electra
621 1819 636 1856 e
661 1800 745 1856 domo
768 1797 832 1855 exit
853 1797 1043 1874 animumque
1066 1797 1195 1876 querelis
1217 1796 1327 1856 elevat:
1359 1798 1441 1854 hona

261 1900 352 1975 igitur
375 1920 469 1973 causa,
493 1921 543 1960 cur
566 1907 653 1958 exeat
675 1906 705 1959 et
727 1899 847 1973 clamet,
871 1903 985 1971 exstat3
1015 1919 1073 1978 qua
1096 1901 1196 1958 eadem
1221 1901 1255 1957 de
1278 1919 1380 1970 causa,
1404 1902 1441 1956 ut

262 2003 316 2059 sub
339 2002 407 2062 divo
431 2003 559 2060 animum
583 2002 718 2074 elevent,
751 2019 838 2077 saepo
860 2002 937 2075 apud
961 2003 1088 2075 tragicos
1112 2021 1254 2078 personae
1276 2001 1440 2070 monodias‚

264 2104 399 2183 querelas
422 2105 605 2180 profundunt
635 2104 724 2182 idque
757 2104 930 2181 plerumque
959 2123 1044 2161 mane
1083 2103 1132 2180 (cf.
1174 2102 1290 2163 nostrae
1320 2103 1441 2162 fabulae

262 2207 486 2284 Clytemestram
512 2207 658 2265 somnium
681 2226 765 2264 sunm
788 2205 843 2264 soli
867 2211 1044 2277 narrantem,
1067 2227 1094 2265 v.
1120 2211 1190 2277 425,
1214 2206 1383 2264 Deianiram
1407 2206 1441 2263 in

262 2309 483 2368 Trachiniarum
506 2309 628 2383 prologo
659 2327 743 2366 mane
774 2327 859 2366 curas
889 2328 956 2367 suas
984 2311 1263 2382 communicantem,
1293 2308 1441 2367 nutricem

264 2410 295 2468 in
319 2411 469 2486 Euripidis
492 2412 615 2469 Medeae
638 2410 761 2485 prologo
784 2431 812 2470 v.
827 2415 884 2469 56:
908 2403 963 2487 lyci
987 2403 1041 2486 γὰρ
1066 2407 1107 2487 εἰς
1128 2407 1205 2468 τοῦτ’
1230 2405 1368 2484 ε’μβὲβηκ’
1392 2401 1442 2465 ἆλ-

266 2506 393 2590 γηδόνος
409 2505 492 2574 ὥσθ’
507 2505 609 2588 ἵμερός
629 2511 658 2586 μ’
673 2503 792 2587 ὑπῆλθε
815 2515 852 2594 γῇ
875 2532 904 2570 τε
919 2507 1058 2592 κούρανῷ
1081 2509 1156 2582 λέξαι
1177 2506 1329 2594 μολούσῃ).
1374 2512 1442 2570 Iam

264 2635 334 2673 vero
358 2614 489 2685 Electra,
523 2635 599 2693 quae
622 2616 780 2693 quominus
803 2635 819 2673 e
842 2617 926 2674 domo
951 2622 1038 2675 exeat
1067 2616 1242 2694 plerumque
1264 2613 1443 2690 impeditur!

266 2716 331 2779 Qua
359 2719 395 2774 de
418 2739 449 2776 re
471 2737 538 2776 cum
561 2717 694 2774 Bruhnio
717 2717 885 2788 consentio,
914 2719 964 2795 qui
993 2723 1074 2776 recte
1104 2718 1145 2776 sio
1167 2717 1278 2776 iudicat
1307 2737 1335 2792 p.
1360 2720 1443 2775 320:

264 2820 359 2891 „hano
381 2819 548 2897 (Sophoclis
570 2817 731 2896 Electram)
763 2819 833 2897 quid
856 2820 948 2893 magis
971 2825 1199 2878 consentaneum
1223 2839 1326 2898 quam,
1359 2823 1444 2894 post-

265 2940 351 3000 quam
369 2923 446 2980 domi
469 2922 501 2979 in
517 2922 661 2997 angustiis
677 2921 818 2996 plorando
835 2921 1061 3000 plangendoquc
1077 2921 1300 2998 pervigilaverit
1315 2924 1444 2992 noctem,

265 3026 332 3082 dum
363 3026 486 3099 prodeat
514 3026 545 3083 in
575 3025 646 3083 solis
675 3023 770 3082 lucem
801 3042 939 3082 aurumve
970 3025 1159 3095 matutinam,
1191 3025 1267 3099 apud
1298 3025 1352 3081 has
1382 3023 1444 3080 iam

265 3128 416 3184 effundere
439 3128 574 3205 querelas
584 3126 614 3184 ?“

350 3229 417 3286 Non
442 3230 538 3288 minus
560 3234 639 3288 recte
664 3233 761 3287 autem
784 3229 885 3286 Bruhn
917 3229 994 3303 apud
1023 3226 1196 3304 Euripidem
1219 3227 1365 3287 Electram
1397 3229 1444 3285 in-

336 3445 360 3510 1)
378 3449 464 3506 Neque
481 3449 547 3496 enim
564 3451 610 3498 hac
628 3466 670 3505 re,
696 3451 761 3510 quod
779 3451 910 3510 Euripides
927 3453 1088 3510 compluries,
1115 3451 1248 3511 Sophocles
1274 3449 1351 3496 semel
1379 3449 1446 3496 hano

268 3517 387 3562 rationem
405 3517 560 3574 adhibuerit,
585 3520 634 3565 iam
652 3520 686 3565 ita
704 3520 830 3566 diiudicari
856 3525 935 3578 potest
953 3521 1062 3578 quaestio
1082 3525 1180 3574 nostra,
1208 3524 1234 3565 ut
1253 3517 1387 3576 Sophocles
1412 3518 1445 3564 ab

201 3621 202 3625 ,
265 3586 384 3645 Euripide
403 3587 466 3632 hanc
485 3587 663 3635 institutionem
680 3589 794 3646 mutuari,
813 3590 932 3648 posterior
950 3603 1003 3635 esse
1021 3587 1146 3646 debuerit3
1165 3602 1238 3647 quarn
1251 3587 1445 3645 argumentatio-

267 3669 322 3700 nem
342 3670 432 3701 vanam
451 3670 504 3702 csse
523 3656 595 3703 facile
614 3657 690 3703 vides.
727 3658 789 3702 Nam
808 3657 912 3716 primum
931 3658 1029 3716 quidem
1048 3657 1109 3704 satis
1128 3670 1229 3714 parvam
1247 3655 1375 3713 Sophoclis
1395 3661 1446 3701 tra-

267 3723 408 3782 goediarum
427 3730 521 3782 partem
545 3717 663 3771 traditam
679 3725 811 3782 habemus;
838 3726 926 3771 deinde
947 3726 967 3772 si
985 3725 1115 3784 Euripides
1132 3725 1230 3782 saepius
1254 3725 1318 3769 hanc
1336 3737 1388 3769 rom
1408 3724 1446 3769 in-

267 3791 354 3844 stituit,
374 3793 433 3849 quid
451 3793 564 3852 impedit,
582 3793 713 3852 quominus
731 3808 780 3839 non
799 3795 863 3839 hano
880 3794 1030 3851 singularem
1048 3792 1159 3838 tabulam
1177 3793 1311 3850 Electram,
1329 3793 1372 3838 sed
1391 3793 1447 3837 uni-

266 3872 364 3904 versam
377 3860 496 3907 rationem
509 3862 607 3920 saepius
625 3862 656 3908 ah
670 3862 787 3922 Euripide
800 3861 935 3908 adhibitam
948 3861 1096 3920 Sophoclem
1107 3861 1229 3907 imitatum
1241 3874 1296 3908 esse
1310 3861 1444 3917 putemus?

267 3927 371 3984 denique
390 3930 454 3986 quod
473 3945 593 3976 summum
612 3936 664 3988 est,
682 3932 731 3976 iam
750 3931 887 3990 Aeschylus
906 3930 979 3976 talem
998 3929 1200 3989 compositionem
1218 3928 1324 3975 instituit
1341 3929 1366 3974 in
1385 3928 1447 3974 Pro-

266 3995 362 4041 metheo
381 3996 473 4052 vincto,
500 3999 542 4056 qni
560 3999 591 4044 ad
609 4013 696 4058 rupem
713 4000 802 4045 altinus
821 4024 851 4033 —
871 3998 956 4044 metris
973 3998 1137 4057 anapaesticis
1164 4003 1188 4044 et
1205 3996 1317 4042 iambicis
1336 4023 1368 4031 -
1386 4011 1448 4043 aera

266 4068 290 4109 ot
308 4070 398 4110 terrum
417 4068 491 4111 testes
508 4067 619 4124 rationis,
639 4082 688 4126 qua
706 4082 721 4113 a
738 4067 797 4113 Iove
816 4067 880 4112 male
898 4071 1030 4124 tractetur,
1056 4067 1179 4124 advocat,
1203 4079 1251 4124 qno
1270 4065 1336 4111 tacto
1355 4065 1446 4112 chorus

251 4131 425 4190 -Ooeanidum,
444 4136 471 4177 ut
489 4134 661 4182 Prometheum
680 4139 787 4190 soletur,
814 4136 917 4181 advecta
934 4136 1053 4193 parodum
1072 4149 1121 4180 una
1139 4148 1194 4180 cum
1212 4133 1358 4180 Prometheo
1376 4147 1444 4179 com·

265 4202 379 4248 matioam
398 4205 494 4257 cantat,
522 4203 564 4259 qui
588 4203 699 4253 similiter
726 4219 754 4252 ac
769 4203 899 4268 Sophoclis
917 4205 1016 4250 Electra
1033 4201 1246 4252 adhortationibus
1264 4202 1333 4252 chori
1351 4202 1449 4265 placari

266 4283 295 4316 ac
313 4269 393 4318 sedari
411 4284 460 4317 non
478 4272 567 4333 polest,
