3238 4956
760 269 973 356 213-

280 453 334 522 illo
357 456 394 522 de
419 447 533 524 Orestis
555 465 649 524 morte
673 463 771 538 allato,
795 484 852 542 quo
875 463 915 534 id,
939 464 1017 541 quod
1039 462 1093 530 vix
1114 467 1235 540 precata
1257 465 1335 538 erat,
1348 433 1462 539 adepta

283 586 347 627 csse
369 566 489 632 videtur
510 567 560 646 (of.
581 568 728 626 locustam
751 566 783 624 in
807 565 878 625 Oed.
894 568 929 625 a.
955 569 1014 623 919
1031 563 1097 644 sq.),
1120 584 1185 624 oum
1208 567 1375 644 Aeschyleo
1397 556 1462 650 oly-

282 673 422 728 temestra
445 669 591 729 exclamet
613 669 757 747 (Choeph.
774 666 849 745 687)
872 665 903 724 ot
925 661 988 746 ’yoi,
1011 658 1075 725 κατ’
1097 657 1194 744 ἄκρας
1217 659 1302 736 εἶπας
1324 659 1370 736 οἷς
1391 689 1461 744 ττορ-
1489 735 1490 740 ¹

281 764 425 847 θούμεθα
455 805 494 815 —-
530 791 605 850 quae
636 773 729 830 verba
761 770 814 828 vix
847 768 984 828 simulata
1016 789 1114 847 neque
1146 768 1300 829 dissimilia
1323 769 1460 829 videntur

282 875 464 950 Sophocleao
479 874 616 933 Electrae
631 873 673 950 (v.
686 871 761 949 674)
785 869 815 930 ol
839 864 894 949 tyci
910 861 1031 943 τάλαιν’,
1055 864 1149 930 ὄλωλα
1170 868 1234 954 τῇδ’
1259 867 1290 932 ἓν
1312 861 1407 952 ἡμέρᾳ
1422 905 1461 915 -

284 976 482 1055 Clytemestra
496 976 662 1052 Sophoclea
676 975 708 1033 in
724 976 815 1034 verba
830 972 998 1051 prorumpit
1012 973 1055 1050 (v.
1073 974 1164 1052 675);
1186 973 1213 1032 τί
1235 966 1313 1049 φής,
1336 977 1363 1031 τί
1386 967 1445 1050 φής
1452 995 1461 1045 ,·

286 1065 309 1136 oi
332 1077 423 1152 ξεῖνε,
455 1071 496 1154 μὴ
518 1070 627 1154 ταύτης
656 1069 725 1134 κλύε
758 1082 788 1135 et
809 1075 988 1162 paulopost
1010 1067 1047 1133 od
1070 1071 1125 1150 μὲν
1147 1069 1182 1134 roi
1204 1077 1317 1151 σαυτῆς
1347 1074 1460 1153 πρᾶττ’,

283 1177 347 1255 ἐμοὶ
372 1175 403 1239 δὲ
426 1174 482 1252 σύ,
505 1176 584 1254 ξένε,
616 1173 744 1256 τάληθὲς
766 1174 847 1251 εἰπέ,
870 1179 911 1260 τῷ
933 1171 1034 1259 τρόπῳ
1058 1173 1213 1236 διόλλυται.
1260 1180 1355 1244 (luam
1377 1198 1463 1237 verae

282 1288 372 1362 atque
394 1283 519 1342 idoneae
547 1285 604 1342 hae
628 1281 857 1341 exclamationes
887 1283 924 1339 ad
954 1281 1085 1339 animum
1115 1281 1327 1358 Clytemestrae
1356 1279 1462 1339 deacri-

282 1386 430 1444 bendum!
482 1386 604 1445 Nullum
626 1384 719 1459 igitur
740 1383 887 1442 indicium
909 1382 1000 1443 ullius
1023 1382 1147 1455 doloris,
1170 1382 1245 1441 nihil
1270 1383 1328 1442 nisi
1352 1382 1465 1458 cupidi-

283 1495 327 1546 tas
351 1508 439 1567 quam
462 1488 615 1549 ealerrime
642 1491 755 1547 certum
784 1485 841 1545 filii
863 1465 966 1544 mortis
989 1485 1126 1545 nuntium
1148 1486 1288 1558 audiendi
1317 1485 1377 1544 iarn
1405 1485 1464 1558 diu,

283 1597 318 1649 ut
340 1590 438 1650 elucet
459 1611 513 1652 nec
535 1590 658 1650 nuntius
680 1589 745 1666 ipse
760 1589 877 1662 ignorat
899 1588 949 1666 (cf.
972 1607 1001 1651 r.
1022 1587 1106 1665 667),
1129 1609 1146 1646 a
1168 1593 1260 1647 matre
1283 1589 1463 1647 desideratae

284 1713 317 1751 ac
340 1699 484 1769 speratae.
528 1694 567 1752 Et
589 1711 664 1771 quae
688 1693 778 1749 verba
799 1697 867 1766 post
889 1690 1081 1749 clarissimam
1103 1690 1186 1750 illam
1203 1690 1317 1749 Orestis
1340 1690 1465 1765 gloriose

283 1795 394 1854 mortui
416 1794 644 1872 descriptionem
674 1794 769 1880 prima
791 1793 906 1869 profert
936 1797 996 1867 (vv.
1020 1795 1090 1866 766,
1114 1793 1206 1871 770),
1237 1814 1325 1873 quam
1348 1794 1467 1869 frigida,

288 1918 377 1976 quam
400 1897 560 1956 artificiosa
582 1895 668 1957 sunt!
724 1893 822 1957 Quare
845 1896 896 1968 fit,
924 1901 958 1956 ut
979 1916 1039 1955 una
1061 1916 1128 1956 cum
1150 1897 1268 1956 Electra
1292 1916 1467 1978 quaeramus

283 2000 324 2078 (v.
349 2001 432 2078 804),
457 2021 526 2058 num
548 2002 621 2059 haec
643 2000 735 2059 verba
756 1997 869 2057 fuerint
891 1997 995 2056 matris
1016 2017 1048 2057 re
1071 2018 1142 2057 vera
1164 1999 1293 2077 lugentis
1316 2019 1353 2057 an
1377 1998 1467 2058 simu-

282 2103 372 2161 lantis
395 2103 534 2164 dolorem.
578 2103 619 2160 Et
641 2121 729 2180 quarn
751 2100 942 2176 impudenter
974 2119 1007 2159 ao
1030 2102 1164 2176 superbe
1186 2101 1293 2180 irridet
1314 2101 1461 2160 Electram

283 2225 396 2264 summo
427 2205 527 2264 dolore
557 2205 692 2264 affectam
722 2202 824 2264 verbis
854 2203 893 2281 (v.
919 2203 1008 2279 795):
1042 2195 1154 2262 οὔκουν
1176 2200 1314 2284 Ὀρέστης
1344 2201 1394 2262 καὶ
1433 2183 1471 2261 od

283 2303 433 2366 παύσετον
454 2304 526 2365 τάδε
549 2314 579 2366 et
595 2327 683 2367 versu
701 2312 779 2365 802:
801 2303 891 2381 τήνδε
913 2303 939 2362 d'
961 2302 1085 2364 ἔκτοθεν
1107 2305 1182 2382 βοᾶν
1204 2301 1237 2365 ἐά
1259 2298 1295 2364 rol
1318 2305 1351 2365 θ’
1373 2297 1469 2382 αὐτῆς

289 2407 339 2470 καὶ
364 2403 398 2468 τὰ
421 2408 596 2483 τῶνφίλων
620 2406 708 2481 κακά,
735 2429 811 2488 quae
832 2411 923 2468 verba
945 2412 1071 2485 superbe
1094 2410 1210 2470 elocuta
1231 2409 1294 2469 abit
1315 2429 1470 2488 nunquam

286 2513 358 2572 viva
380 2512 410 2570 in
434 2531 551 2572 scenam
572 2512 713 2575 reditura.
740 2531 745 2541 ’
777 2493 780 2499 Δ

377 2615 423 2675 Re
460 2635 532 2674 vora
569 2634 682 2674 summa
716 2634 782 2673 cum
814 2613 970 2690 diligentia
1002 2620 1091 2692 poeta
1122 2616 1335 2694 Clytemestrae
1351 2617 1353 2622 ’
1371 2636 1470 2677 mores

288 2738 376 2796 quam
400 2717 543 2793 pessimos
566 2716 724 2793 descripsit
746 2736 842 2796 neque
864 2717 930 2776 fieri
953 2724 1059 2794 potest,
1089 2719 1161 2800 quin
1185 2739 1238 2778 nos
1260 2738 1379 2798 quoque
1400 2719 1470 2778 odio

287 2820 369 2906 illius
391 2819 543 2895 capiamur
578 2839 696 2898 unaque
726 2838 791 2877 oum
824 2818 927 2878 liberis
955 2819 1051 2880 iustas
1080 2841 1190 2897 poenas
1212 2823 1374 2895 soluturam
1406 2841 1472 2900 esse

291 2925 369 2982 hano
391 2921 545 2980 mulierem
569 2942 737 2999 speremus;
762 2941 848 3001 quam
871 2923 945 2996 iure,
967 2923 1019 2982 ubi
1042 2923 1108 3000 ipsa
1122 2926 1325 2984 tantummodo
1342 2945 1472 2985 comme·

286 3030 426 3096 moratur,
451 3058 490 3067 —-
514 3045 579 3083 cum
601 3025 776 3104 plerumque
798 3025 830 3084 in
853 3006 1026 3086 universum
1050 3028 1085 3085 de
1108 3025 1240 3086 inimicis
1261 3028 1311 3087 vel
1333 3029 1472 3106 tyrannis

289 3146 385 3185 sermo
408 3126 448 3185 sit
470 3126 519 3202 (cf.
544 3147 593 3186 vv,
618 3129 689 3198 789,
716 3131 806 3201 1091,
829 3127 913 3205 840),
935 3162 978 3172 -—
1000 3129 1049 3188 vel
1070 3122 1209 3208 ἅμήτορα
1231 3131 1281 3190 vel
1303 3131 1393 3190 simili
1415 3151 1472 3192 no·

289 3226 368 3286 mine
391 3227 477 3286 liberi
500 3229 655 3313 appellant
676 3230 749 3308 (qua
770 3230 807 3289 de
828 3250 861 3288 re
883 3232 919 3290 cf.
943 3252 972 3291 v.
989 3231 1065 3291 273:
1092 3225 1145 3308 ξύτ
1166 3233 1203 3315 τῇ
1224 3233 1346 3318 ταλαίνῃ
1370 3231 1470 3312 μητρὶ,

288 3325 387 3410 μητέρ’
409 3326 436 3387 εἰ
455 3323 548 3407 χρεών
569 3325 682 3410 ταύτην
704 3330 878 3411 congaudia·
900 3331 975 3415 τῷδε
997 3331 1240 3412 σνγιιοιμωμὲνην
1264 3342 1295 3398 et
1316 3358 1347 3400 v.
1372 3342 1472 3398 1194:

288 3426 384 3510 μήτηρ
408 3434 547 3506 καλεῖται,
571 3429 659 3510 μητρὶ
682 3431 708 3490 d'
730 3428 819 3493 οὐδὲν
842 3432 957 3515 ἐξισοῖ).
1195 3414 1198 3420 ¹
1313 3511 1315 3516 Ι

281 3571 285 3578 ·
374 3535 493 3594 Orestes
509 3539 607 3594 autem
623 3538 813 3613 Sophocleua,
836 3558 894 3617 quo
917 3538 1042 3598 maiores
1064 3545 1164 3616 partes
1180 3541 1316 3624 Electrae
1335 3543 1474 3603 tribuun-

288 3647 345 3714 tur,
370 3659 404 3699 eo
426 3640 555 3700 minores
583 3639 648 3716 ipse
671 3640 742 3715 agit.
796 3640 855 3704 Qui
889 3647 1047 3722 postquam
1075 3643 1108 3703 in
1141 3645 1263 3721 prologo
1294 3646 1406 3722 prodiit
1439 3667 1474 3707 ao

288 3743 388 3819 paullo
407 3747 474 3819 post
489 3743 624 3828 decessit,
647 3748 715 3819 post
729 3744 855 3804 alterum
870 3747 990 3806 domum
1008 3742 1155 3823 στιίσιμον
1179 3747 1219 3830 (a.
1238 3748 1332 3827 1097)
1355 3770 1476 3809 scenam

287 3845 396 3904 iterum
419 3843 569 3917 ingressus
600 3845 631 3903 in
662 3846 718 3906 hac
741 3866 857 3926 quoque
888 3849 1005 3909 fabulae
1036 3855 1280 3926 parteextrema
1308 3872 1368 3912 non
1399 3854 1475 3912 adeo

289 3944 418 4017 excellit,
441 3953 475 4004 ut
496 3948 621 4007 Electra.
666 3953 807 4008 Attamen
830 3952 867 4008 de
890 3951 1005 4011 Orestis
1028 3973 1145 4032 quoque
1168 3955 1299 4015 moribus
1321 3957 1475 4038 mutandis

289 4055 379 4127 atque
401 4048 548 4122 fingendis
571 4050 747 4127 Sophoclem
770 4041 855 4112 suum
872 4055 1027 4115 consilium
1043 4057 1216 4116 universum
1231 4060 1309 4118 bene
1326 4065 1428 4136 specta
1461 4082 1479 4121 e

289 4151 379 4210 etiam
402 4150 528 4225 singulis
560 4154 647 4212 rebus
677 4157 843 4230 cognoscis,
877 4177 953 4236 quae
986 4159 1116 4218 fabulam
1147 4161 1256 4221 leviter
1287 4149 1478 4243 percurrenti

288 4252 410 4316 levioris
432 4254 559 4314 fortasse
591 4257 735 4320 momenti
757 4258 927 4324 rideantur.
983 4261 1120 4340 Orestes,
1152 4263 1204 4344 qui
1235 4269 1369 4339 matrem,
1382 4246 1480 4330 'suam
