3238 4956
720 287 932 367 *36—

227 471 344 554 picndi,
378 477 456 556 quod
479 478 556 553 apud
579 476 755 552 Sophoclem
779 477 898 535 omnino
921 476 974 537 vix
1007 495 1061 534 nos
1083 475 1219 538 invenire
1241 494 1329 552 supra
1351 495 1405 534 ex-

227 580 329 657 plicui.

314 681 428 746 Quibus
457 684 545 741 rebus
575 682 689 741 collatis
721 681 858 760 (quarum
880 680 1088 739 similitudines
1111 681 1244 756 singulae
1276 681 1334 738 iam
1364 683 1402 740 ab

228 783 294 843 aliis
315 803 434 860 pressae
457 803 516 842 non
540 785 662 844 multum
689 785 725 841 ad
748 783 951 862 quaestionem
974 783 1068 858 ipsam
1092 783 1307 842 diiudicandam
1335 803 1402 858 pro-

228 886 401 964 ficiunt)1)‚
433 887 604 960 Euripidem
627 886 817 946 verisimilius
846 904 933 963 quam
957 869 1132 961 Sophoclem
1154 904 1217 944 rem
1240 885 1402 943 instituisse

228 987 380 1060 videmus3
404 1007 500 1066 neque
522 995 622 1048 tamen
645 989 699 1047 hae
721 1007 753 1046 re
775 987 834 1045 iam
856 987 921 1062 ipsc
935 988 1016 1046 hunc
1031 986 1158 1062 priorem
1174 1007 1238 1046 esse
1260 986 1311 1044 illo
1334 1007 1403 1045 con-

228 1091 304 1149 oludi
328 1109 415 1167 posse
436 1091 495 1147 iam
517 1090 635 1162 monui,
659 1089 813 1168 quamvis,
836 1089 887 1147 ubi
910 1089 976 1148 aliis
999 1090 1093 1147 causis
1115 1087 1296 1164 Sophocleae
1318 1089 1401 1148 Elec·

227 1199 291 1253 trac
313 1198 393 1252 aetas
415 1192 498 1266 prior
520 1193 744 1265 demonstretur,
769 1192 940 1268 Euripidem
963 1193 1051 1250 rebus
1074 1209 1193 1270 quoque
1216 1192 1311 1248 adhuc
1332 1191 1402 1248 alla-

227 1296 266 1354 tis
301 1299 404 1354 contra
443 1293 619 1370 Sophoclem
657 1313 803 1370 pugnasse
842 1293 1090 1356 verisimillimum
1123 1292 1269 1353 videatur.
1330 1293 1401 1350 Oum

227 1397 323 1456 scenis
345 1402 443 1455 autem
473 1397 559 1456 modo
589 1387 733 1456 tractatis
750 1402 813 1456 arte
836 1397 995 1456 cohaerent
1017 1414 1086 1466 eac,
1120 1413 1195 1474 quac
1217 1397 1401 1466 antecedunt,

226 1503 405 1576 praeparant
426 1499 673 1573 recognitionem,
705 1499 813 1578 quibus
835 1504 961 1577 uterque
994 1517 1054 1556 non
1078 1498 1176 1556 statim
1201 1496 1334 1556 Orestem
1356 1518 1402 1556 re-

221 1602 426 1678 cognitionem
456 1601 651 1673 efficientem,
689 1602 740 1660 sed
773 1601 839 1659 dolo
869 1603 996 1679 quodam
1029 1601 1177 1658 Electram
1207 1600 1401 1674 decipientem

226 1704 349 1776 inducit,
372 1723 437 1762 cum
460 1705 536 1779 apud
558 1703 736 1780 Aeschylum
760 1703 851 1761 frater
873 1703 973 1762 statim
995 1721 1027 1761 se
1049 1703 1316 1777 recoguesoendum
1337 1704 1402 1760 red-

227 1808 292 1878 dat;
315 1811 404 1884 atque
427 1805 456 1862 id
471 1805 545 1878 iure,
570 1806 708 1882 quoniam
730 1807 823 1864 verba
844 1805 980 1864 Electrae
1003 1810 1033 1862 et
1056 1804 1137 1862 chori
1152 1804 1267 1864 audivit
1281 1804 1402 1862 audit-is-

226 1926 284 1986 que
308 1927 357 1965 eas
376 1907 456 1983 ipsas
478 1908 627 1982 cognovit,
651 1927 764 1966 summo
788 1908 932 1966 desiderio
955 1908 1000 1965 sui
1022 1908 1182 1979 adventus,
1206 1905 1308 1964 matris
1330 1925 1401 1965 vero

226 2016 257 2069 et
277 2008 416 2084 Aegisthi
439 2009 506 2067 odio
528 2009 665 2085 impletas
688 2029 752 2068 esse
775 2010 874 2082 videt,
905 2029 979 2088 quos
1001 2008 1223 2067 interficiendos
1245 2008 1302 2065 sibi
1335 2029 1402 2084 pro-

226 2111 341 2186 posuit;
373 2111 443 2190 quid
468 2110 560 2187 igitur
591 2113 634 2170 rei
657 2112 755 2187 aptius
778 2131 866 2190 quam
890 2111 1024 2170 Orestem
1053 2129 1183 2168 sororem
1207 2110 1403 2189 mulieresque

226 2214 282 2273 sibi
305 2215 413 2272 amicas
435 2213 552 2272 consilii
575 2214 620 2273 sui
643 2214 736 2272 socias
759 2212 902 2273 reddere?

313 2316 493 2391 Sophocleus
514 2336 586 2376 vero
610 2316 747 2389 Orestes,
779 2317 830 2394 qui
859 2316 891 2374 in
914 2316 1036 2392 prologo
1068 2335 1099 2374 se
1122 2315 1268 2374 Electram
1293 2315 1401 2373 sociam

227 2417 297 2476 tacti
320 2417 476 2477 conciliare
498 2419 577 2478 velle
600 2437 751 2497 nunquam
773 2419 967 2494 pronuntiat,
990 2419 1041 2476 sed
1062 2417 1127 2494 ipse
1150 2417 1229 2476 solus
1251 2436 1269 2475 a
1291 2418 1402 2495 Pylade

227 2524 258 2578 et
278 2520 448 2596 paedagogo
471 2520 544 2580 viris
567 2521 684 2579 adiutus
713 2521 829 2580 facinus
851 2520 1039 2578 efficiendum
1068 2519 1125 2578 sibi
1148 2520 1335 2594 proposuisse
1357 2520 1403 2578 vi·

228 2623 326 2694 detur,
357 2641 454 2702 neque
477 2622 625 2681 Electram
653 2640 751 2701 neque
780 2622 902 2682 chorum
933 2628 1002 2680 ante
1024 2622 1205 2700 colloquium
1227 2621 1317 2694 vidit,
1350 2623 1402 2679 scd

225 2723 307 2781 illam
329 2723 360 2780 in
383 2724 439 2782 hoc
460 2723 526 2799 ipso
549 2724 665 2782 demum
689 2724 856 2799 cognoscit;
887 2743 984 2804 neque
1013 2730 1127 2795 tamen,
1160 2729 1315 2802 postquam
1337 2724 1402 2799 ipse

226 2845 357 2884 sororem
379 2825 569 2900 recognovit,
600 2825 735 2904 quamvis
757 2826 811 2885 vix
839 2846 870 2885 sc
892 2827 1022 2886 retinere
1044 2826 1138 2902 possit
1160 2827 1248 2905 atque
1271 2827 1402 2900 complu-

225 2927 283 2986 ries
305 2933 405 3006 partes
427 2945 494 2986 suas
509 2927 571 2987 fere
586 2928 745 3007 relinquet,
768 2929 850 3006 prius
873 2948 904 2987 se
926 2930 963 2986 ab
986 2930 1042 2988 hae
1057 2931 1274 3002 agnoscendum
1296 2929 1402 3001 reddit,

226 3049 314 3109 quam
337 3031 474 3090 mulieres
497 3051 615 3110 quoque
638 3031 694 3090 sibi
717 3033 825 3090 amicas
852 3037 883 3090 et
904 3031 977 3090 fidas
999 3051 1063 3090 esse
1086 3049 1124 3088 ex
1146 3030 1279 3089 Electrae
1301 3031 1402 3090 verbis

225 3133 369 3207 comperit
396 3152 425 3191 v.
460 3137 540 3191 1204
572 3154 615 3212 sq.
671 3133 786 3198 Quibus
812 3134 921 3192 auditis
955 3133 1074 3193 Orestes
1104 3133 1140 3191 ad
1167 3136 1401 3208 recognitionem

224 3233 319 3308 ipsam
342 3234 417 3306 sdit;
440 3253 528 3313 quam
552 3241 663 3312 quanta
684 3255 749 3294 cum
773 3242 835 3294 arte
858 3235 1023 3294 instituerit
1044 3236 1225 3312 Sophocles,
1248 3237 1333 3294 facile
1356 3237 1401 3296 vi-

225 3335 284 3408 des,
308 3354 367 3413 qua
388 3337 522 3408 Electra,
553 3355 629 3414 quae
659 3357 690 3396 se
714 3338 827 3398 Orestis
850 3339 977 3398 cinerem
1000 3339 1136 3397 manibus
1158 3345 1259 3397 tenere
1281 3358 1402 3416 persua·

224 3457 288 3496 sum
311 3438 408 3511 habet,
432 3436 513 3496 nnllo
536 3440 623 3496 modo
647 3441 751 3500 adduci
774 3446 889 3516 potest,
913 3448 1018 3500 utras
1040 3440 1113 3498 illud
1136 3442 1278 3519 deponat,
1303 3441 1402 3499 omnia

224 3542 331 3615 verba,
364 3540 472 3619 quibus
502 3540 595 3616 magis
624 3544 777 3622 magisque
800 3544 896 3603 lucide
928 3544 1048 3603 Orestes
1076 3543 1232 3603 veritatem
1264 3546 1402 3618 detegere

223 3643 330 3715 studet,
352 3643 426 3703 falso
450 3643 607 3719 intelligit,
642 3665 802 3725 omnesque
824 3647 898 3706 alias
920 3665 968 3705 res
990 3646 1157 3722 suspicatur
1178 3665 1211 3706 ac
1233 3644 1399 3718 veritatem,

224 3745 317 3802 donee
333 3745 453 3805 Orestes
474 3747 595 3805 fratrem
618 3748 720 3807 vivere
741 3750 914 3824 pronuntiat
935 3749 1054 3828 iamque
1075 3749 1176 3822 paucis
1196 3748 1400 3826 celeribusque

221 3844 282 3904 illis
297 3846 437 3907 vocibusr
460 3850 525 3917 πῶς
548 3840 643 3920 εἶπας,
668 3837 691 3908 oi
714 3853 785 3922 παῐ,·
808 3839 828 3925 ἦ
851 3852 885 3934 ζῇ
908 3842 964 3930 γὰρ
987 3842 1080 3929 ἆνήρς
1104 3837 1123 3926 ἦ
1145 3843 1201 3929 yoip
1225 3845 1261 3908 ori
1284 3852 1400 3921 κεῖνος;

222 3947 373 4024 proruptis
396 3935 419 4006 d
443 3949 583 4023 φίλτατον
605 3953 686 4026 φῶς,
710 3939 734 4010 ὦ
757 3950 881 4032 φθέγμ’,
904 3945 1037 4027 ἀφίκου·
1070 3949 1125 4028 ἔχω
1148 3969 1180 4010 σε
1202 3951 1316 4030 χερσίν,
1347 3971 1401 4010 ex-

290 4197 316 4260 1)
334 4202 365 4252 ol.
385 4201 460 4264 Soph.
483 4207 547 4253 1226
565 4233 599 4242 -
616 4207 676 4256 Eur.
697 4210 760 4269 5795
786 4209 860 4271 Soph.
881 4211 945 4258 1222
965 4237 999 4247 -
1017 4209 1075 4258 Eur.
1095 4212 1158 4272 5813
1185 4211 1258 4271 Soph.
1280 4212 1346 4258 1268
1366 4237 1402 4247 -

217 4267 279 4316 Eur.
299 4270 362 4338 5895
381 4272 458 4336 Soph.
478 4276 543 4322 1288
562 4302 596 4312 --
614 4277 670 4327 Eur.
690 4281 754 4340 5963
774 4279 849 4338 Soph.
870 4280 936 4327 1292
954 4293 990 4339 sq.
1009 4307 1043 4316 -
1059 4281 1119 4328 Eur.
1140 4283 1188 4330 698
1208 4295 1244 4340 sq.
