3238 4956
706 333 922 404 -54-

226 511 271 594 gis
294 517 386 590 decet,
410 500 497 594 qnam
520 513 600 573 filiae
622 516 659 573 oh
682 519 807 574 mortem
829 513 924 590 patrie
946 514 1042 572 adhuc
1065 509 1178 570 dolenti
1199 509 1352 587 ignoscere
1371 505 1407 569 'et

225 618 373 694 seipsam
396 619 486 678 talem
508 617 665 693 praebere,
695 636 783 694 quam
805 616 875 675 facti
898 615 945 675 sui
967 614 1137 691 poeniteat:
1175 633 1205 675 v.
1233 617 1311 671 1105
1336 629 1404 693 ony-

225 713 378 800 γνώσομαί
400 736 464 777 σοι·
495 715 544 778 καὶ
569 711 624 798 γὰρ
648 711 702 794 οὐχ
726 711 820 786 οὕτως
843 707 919 796 ἄγαν
942 716 1033 795 χαίρω
1056 737 1100 785 τι,
1132 711 1251 785 τέκνον,
1275 719 1337 786 τοῖς
1360 715 1405 774 de-

227 818 385 901 δραμένοις
414 818 496 897 ἐμοῖς
529 819 704 898 poenitendi
727 825 824 880 autem
848 820 893 879 vis
916 825 1041 894 augetur
1063 817 1227 876 miserabili
1251 819 1329 878 filiae
1351 822 1405 879 ha-

225 924 291 983 bitu
313 929 447 1000 aspecto:
475 923 511 982 ef.
535 920 616 997 οἴμοι
637 915 759 980 τάλαινα
781 923 841 980 τῶν
864 919 942 997 ἐμῶν
964 913 1183 998 βουλευμάτων.

312 1024 428 1089 Quibus
458 1025 603 1101 expositis
626 1023 799 1102 Euripidem
835 1045 933 1106 neque
964 1024 1103 1083 universo
1133 1024 1250 1082 fabulae
1280 1025 1405 1084 oonsilio

227 1149 322 1208 neque
344 1148 497 1188 scenarum
520 1147 657 1186 connexu
683 1125 790 1186 adduci
812 1127 960 1202 potuisse,
993 1133 1026 1185 ut
1047 1128 1125 1184 hanc
1147 1145 1262 1184 scenam
1286 1146 1405 1203 compo-

227 1236 312 1290 neret
333 1235 363 1290 et
384 1230 537 1302 insereret,
560 1229 783 1306 comprobatum
807 1234 896 1305 puto;
927 1229 1000 1308 quin
1030 1229 1117 1287 etiam
1141 1229 1229 1304 plane
1255 1228 1330 1288 nihil
1353 1231 1406 1288 de-

228 1333 362 1406 siderari,
389 1332 415 1391 si
438 1337 501 1391 tota
522 1351 609 1390 scena
632 1330 834 1404 omitteretur;
859 1331 985 1410 quodsi
1011 1332 1094 1390 fieret
1115 1331 1165 1390 vel
1187 1333 1294 1390 factum
1318 1338 1407 1406 esset,

226 1435 385 1512 Euripides
414 1433 570 1494 consilium
599 1453 699 1507 suum,
729 1434 832 1493 matris
863 1436 982 1493 caedem
1009 1433 1150 1492 iniustam
1173 1434 1406 1506 demonstrandi,

227 1537 320 1597 multo
342 1536 449 1598 melius
471 1540 621 1596 assecutus
644 1539 722 1594 esset
745 1555 832 1614 quam
855 1556 942 1604 scena
963 1536 1016 1595 illa
1047 1536 1088 1614 (v.
1114 1540 1336 1614 1011—1101)
1359 1537 1406 1595 in-

227 1645 322 1713 serta3
345 1644 542 1716 spectatorum
565 1637 657 1698 animi
681 1639 775 1698 multo
797 1639 906 1697 maiore
928 1637 1131 1698 misericordia
1146 1639 1284 1698 commoti
1308 1643 1409 1697 essent

228 1741 330 1802 matris
353 1740 454 1800 statim
475 1743 512 1799 ab
533 1739 622 1800 initio
638 1740 819 1817 poenitentis
839 1761 928 1820 qnam
950 1741 1038 1815 longa
1054 1739 1187 1799 oratione
1209 1761 1240 1799 se
1263 1761 1408 1800 excusan-

227 1844 266 1903 tis
289 1850 320 1904 et
340 1842 495 1921 purgantis
518 1847 557 1916 et,
579 1847 736 1922 postquam
758 1843 886 1902 refutata
908 1848 962 1916 est,
984 1845 1103 1901 demum
1126 1842 1223 1901 subito
1247 1863 1278 1901 se
1301 1844 1407 1921 poeni-

228 1950 339 2006 tentem
365 1945 543 2022 praebentis.

316 2053 356 2108 At
370 2047 450 2107 dicat
466 2046 613 2127 quispiam
628 2046 693 2106 sine
709 2054 789 2108 certa
803 2067 900 2121 causa,
923 2047 1006 2105 nulla
1021 2046 1079 2106 alia
1093 2067 1126 2106 re
1138 2053 1314 2106 commotum
1328 2050 1410 2108 hanc

227 2171 343 2212 scenam
365 2148 541 2226 Euripidem
562 2149 723 2222 invenisse,
746 2148 805 2210 nisi
828 2154 861 2207 ut
882 2149 1032 2228 voluptati
1055 2169 1125 2209 suae
1148 2151 1267 2209 cederet
1288 2169 1409 2209 concer-

228 2253 357 2313 tationes
379 2253 540 2314 verhorum
562 2250 594 2309 in
617 2271 734 2312 scenam
756 2252 956 2331 producendi;
981 2271 1125 2330 quaeres
1147 2255 1272 2312 fortasse
1294 2254 1330 2309 ab
1354 2252 1409 2311 ali-

228 2376 286 2435 quo
309 2353 425 2433 prolata
446 2353 506 2412 iam
528 2373 561 2412 eo
584 2353 769 2426 infirmatur,
800 2356 877 2432 qnod
901 2354 1014 2412 nullum
1037 2357 1171 2430 poetam,
1203 2353 1255 2433 qui
1277 2355 1409 2414 fabulam

230 2459 377 2538 quandam
400 2461 480 2515 certo
503 2455 714 2515 cumconsilio
738 2455 903 2531 componit,
935 2475 1050 2516 scenam
1075 2458 1223 2535 quandam
1245 2456 1315 2516 huic
1337 2477 1409 2516 oon-

230 2559 297 2619 silio
321 2558 487 2639 oppositam
509 2557 691 2620 inserturum
714 2577 777 2617 esse
810 2558 874 2617 sine
897 2563 978 2618 certa
1000 2579 1087 2618 causa
1109 2579 1210 2619 omnes
1236 2560 1409 2620 concedent.

315 2662 372 2721 Sed
395 2659 530 2734 singulae
554 2679 673 2740 quoque
696 2679 752 2732 res,
774 2658 938 2736 Euripidae
959 2660 1060 2720 fabula
1082 2663 1144 2720 sola
1166 2666 1316 2738 respecta,
1346 2664 1411 2720 tam

229 2764 322 2823 mirae
344 2763 478 2841 adeoque
501 2761 666 2822 contrariae
688 2761 833 2824 universo·
852 2762 975 2822 consilio
992 2765 1140 2838 videntur,
1163 2769 1196 2822 ut
1218 2784 1270 2823 sua
1292 2769 1410 2839 sponte,

230 2973 408 3029 commotum
430 2967 473 3026 sic
494 2964 661 3026 instituisse
682 2964 857 3042 Euripidem
879 2987 940 3025 non
962 2973 1080 3044 putem;
1113 2970 1163 3048 qui
1188 2968 1213 3027 si
1236 2970 1321 3028 modo
1344 2990 1411 3028 mu-

229 3072 319 3133 lieres
349 3072 461 3146 fingere
491 3069 589 3128 voluit
611 3074 830 3142 concertantes,
864 3088 916 3128 cur
947 3089 1063 3129 oausam
1093 3071 1278 3149 Aeschyleae
1306 3071 1412 3149 Olyte-

230 3178 366 3245 meritae,
389 3189 448 3249 qua
471 3172 532 3230 sola
555 3169 718 3247 paullulum
734 3171 870 3236 excusari
892 3172 1000 3247 potuit,
1022 3173 1109 3232 affert
1131 3172 1260 3252 quidem,
1283 3175 1334 3232 sed
1350 3180 1412 3232 sta-

230 3275 284 3333 tim
315 3273 404 3335 reicit
432 3271 533 3332 verbis
556 3272 676 3332 disertis
706 3273 782 3352 olyt.
807 3274 937 3352 (1030):
967 3270 1035 3348 „aa
1059 3273 1154 3344 τοῖςᾶε
1176 3274 1277 3334 τοίνυν
1300 3273 1410 3352 καίπερ

230 3370 392 3452 ἠδικημένη
415 3370 472 3433 οὐκ
497 3368 664 3454 η’γριούμην
686 3366 751 3433 οὐδ’
773 3367 811 3433 dv
832 3372 955 3435 ἔκτανον
978 3369 1086 3435 πόσιν“
1101 3375 1150 3456 ¹)?
1237 3355 1239 3359 .

316 3481 439 3539 Causam
460 3477 555 3554 ipsam
571 3478 750 3537 Cassandrae
765 3477 883 3538 domum
905 3479 1044 3539 inductae
1066 3480 1294 3560 aOlytemestra
1315 3480 1412 3540 solam

230 3587 264 3641 ut
296 3601 396 3640 veram
427 3600 542 3638 causam
575 3597 638 3637 esse
668 3579 788 3638 allatam
816 3580 982 3641 mirandum
1013 3588 1074 3658 est;
1104 3603 1156 3642 our
1184 3583 1250 3659 ipsa
1280 3603 1311 3641 se
1341 3602 1412 3644 cum

230 3682 360 3742 inimicis
382 3681 613 3758 Agamemnonis
632 3681 700 3743 ideo
723 3681 910 3742 coniunctam
932 3685 1023 3744 fnisse
1046 3690 1076 3745 et
1098 3705 1162 3747 esse
1185 3691 1307 3762 urgeat,
1337 3685 1413 3765 quia

302 3901 327 3965 1)
345 3904 437 3952 Contra
454 3904 607 3964 Aeschylum
625 3908 706 3951 autem
724 3903 764 3950 hic
781 3917 892 3966 pugnare
904 3905 1048 3965 Euripidem
1065 3921 1115 3954 non
1133 3907 1268 3956 verisimile
1285 3912 1330 3966 est,
1349 3922 1412 3967 quo-

231 3973 297 4018 niam
315 3972 341 4018 in
354 3972 472 4030 Aeschyli
483 3973 569 4020 tabula
589 3973 658 4019 nulla
676 3987 748 4019 scena
760 3974 939 4020 concertatoris
957 3981 1000 4032 est,
1020 3982 1045 4022 st
1063 3990 1102 4022 ree
1119 3976 1173 4035 ipsa
1187 3978 1297 4036 paullum
1315 3981 1414 4024 mutata

230 4046 276 4098 est,
293 4040 335 4098 ita,
353 4044 381 4088 ut
397 4041 464 4098 apud
475 4041 619 4100 Euripidem
637 4045 738 4100 propter
755 4041 896 4089 Menelaum
913 4042 1065 4090 immolatam
1083 4059 1137 4091 esse
1151 4044 1304 4104 Iphigeniam
1322 4059 1413 4104 urgea-

231 4114 269 4156 tur
293 4110 399 4171 (1029),
426 4122 481 4156 cum
499 4110 636 4169 Aeschyleo
663 4109 828 4169 Clytemestra
854 4111 880 4157 in
905 4112 1048 4160 universum
1076 4112 1232 4172 Iphigeniam
1258 4115 1415 4162 immolatam

229 4179 316 4224 afferat
333 4190 442 4235 oausam,
460 4191 503 4223 our
520 4177 669 4225 interfecerit
686 4180 912 4240 Agamemnonem
939 4181 1046 4239 aceedit,
1065 4182 1131 4239 quod
1150 4197 1180 4228 ex
1196 4182 1279 4229 verbis
1297 4183 1413 4243 Aeschy-

230 4246 276 4294 leis
293 4246 350 4308 (Ag.
365 4241 440 4310 usa)
458 4247 540 4294 κεῖται
558 4239 677 4308 γυναικὸς
694 4246 773 4308 τήςδε
791 4242 962 4310 λυμαντήριος
979 4253 1023 4296 etc.
1042 4263 1142 4298 eausam
1159 4264 1218 4298 suae
1232 4252 1416 4311 Clytemestrae

230 4313 323 4375 recepit
340 4313 479 4375 Euripides,
499 4313 528 4360 de
547 4313 730 4374 oppugnatione
747 4315 823 4375 igitur
840 4317 958 4378 Aeschyli
977 4319 1017 4366 hic
1035 4317 1078 4365 vix
1095 4319 1253 4380 cogitandum
1270 4325 1314 4366 est.
