3238 4956
780 326 971 410 ..ιἈ

282 511 421 597 Delphici
442 511 598 578 victoriam
622 517 788 579 Alcibiadis
811 520 957 599 quendam
980 517 1087 598 respici
1110 518 1277 595 suspicatus
1300 537 1377 580 anno
1399 515 1462 580 lere

284 642 310 681 a.
333 621 403 682 cnr.
427 641 457 681 ιι.
482 624 540 678 421
573 621 703 680 tabulam
726 621 918 698 compositam
941 640 1006 681 esse
1028 626 1124 699 putat.
1172 622 1264 682 cuius
1285 622 1462 682 sententiam

285 744 350 783 cum
373 723 511 784 nonnulli
534 727 744 802 sequerentur,
767 723 820 782 alii
841 723 967 783 Periclis
989 724 1267 784 Alcmaeouidarnm
1289 728 1377 799 geute
1400 725 1462 784 nati

285 826 425 887 caedibus
448 825 647 886 contaminata
668 825 701 884 in
713 825 865 888 universo
881 831 1055 902 argumento
1070 827 1224 887 tractando
1246 825 1390 886 rationem
1412 829 1463 885 ha·

285 929 376 988 bitom
400 948 463 988 esse
486 928 611 1003 volunt,
640 927 691 986 alii
719 928 848 1009 denique
878 913 999 989 omuino
1022 929 1118 989 nullas
1140 948 1188 988 res
1216 934 1334 988 exteras
1355 929 1463 1004 attingi

286 1035 420 1093 credunt.
515 1069 516 1076 ι

371 1134 416 1193 De
439 1130 582 1210 Euripide
604 1137 701 1192 auoem
731 1131 879 1210 imprimis
910 1136 986 1194 duae
1015 1135 1179 1195 sententiae
1211 1133 1268 1193 sibi
1299 1135 1463 1220 contrariae

286 1241 356 1298 sunt
376 1236 481 1296 iisdem
504 1255 542 1296 ex
563 1234 699 1296 versibus
721 1229 817 1313 (1347
841 1235 919 1316 sqq.)
942 1238 1109 1312 profectae,
1142 1236 1250 1316 quibus
1272 1236 1411 1297 Dioscuri
1433 1256 1464 1297 sc

285 1342 318 1400 in
340 1359 420 1399 mare
442 1339 574 1398 Siculum
597 1338 691 1398 ituros
714 1358 778 1398 esse
808 1343 863 1399 etc.
896 1339 1015 1413 dicunt;
1046 1340 1098 1420 qui
1128 1359 1232 1401 versus
1263 1336 1301 1401 ab
1331 1338 1397 1398 aliis
1428 1341 1464 1397 ad

286 1463 397 1503 aunum
419 1441 480 1502 427
505 1447 536 1502 et
557 1447 715 1520 sequentes
736 1441 824 1502 relati
854 1446 924 1502 suut
953 1447 988 1502 ut
1016 1444 1052 1501 ab
1082 1442 1234 1520 Hauptio,
1265 1442 1302 1500 ab
1333 1441 1399 1500 aliis
1428 1442 1465 1500 ad

287 1545 510 1624 expeditionem
539 1543 724 1604 Siciliensem
753 1544 825 1603 anni
854 1549 914 1604 415
946 1549 977 1604 et
1007 1564 1088 1625 sqq.;
1116 1551 1207 1624 etque
1237 1545 1314 1603 hanc
1345 1543 1463 1623 quidem

286 1648 466 1733 sententiam
487 1647 553 1707 inre
576 1647 717 1707 adiuvare
739 1645 813 1705 mihi
835 1647 978 1708 ridentur
999 1646 1115 1707 ratione
1144 1667 1232 1725 supra
1254 1645 1358 1720 allata,
1390 1663 1465 1724 quae

285 1749 445 1842 intercedit
465 1748 546 1809 inter
567 1750 644 1809 hauc
666 1748 820 1827 Euripidis
842 1749 973 1810 fabulam
995 1754 1027 1810 et
1048 1751 1204 1811 Helenam.

372 1853 448 1912 Tota
469 1855 567 1912 tamen
590 1851 734 1931 quaestio,
758 1852 898 1932 quoniam
928 1852 965 1911 de
988 1852 1143 1929 Sophoclis
1172 1853 1274 1913 fabula
1296 1853 1378 1912 nulla
1399 1871 1466 1911 sen·

287 1955 382 2016 tentia
405 1955 586 2031 argumentis
608 1954 681 2014 satis
703 1954 795 2015 firmis
817 1955 933 2028 nititur,
955 1955 988 2013 in
1010 1955 1149 2031 ambiguo
1175 1960 1235 2028 est,
1264 1975 1362 2034 neque
1383 1955 1467 2014 Zirn·

288 2058 400 2120 dcrferi
415 2057 537 2131 ratione,
562 2078 619 2136 qua
642 2077 681 2117 ex
695 2056 835 2118 universo
852 2057 980 2118 actionis
993 2056 1111 2117 fabulae
1133 2077 1241 2133 genere
1262 2057 1373 2134 indicia
1394 2063 1466 2116 tem-

286 2161 367 2239 poris
390 2159 521 2220 delibare
543 2165 666 2220 conatur
689 2159 739 2239 (cf.
761 2158 782 2220 l.
804 2159 824 2220 l.
847 2179 877 2236 p.
901 2166 940 2219 66
957 2159 1031 2240 sq.)‚
1062 2161 1100 2218 ad
1128 2159 1357 2220 verisimilitatis
1379 2159 1468 2218 finem

287 2263 489 2342 pervenimus.

373 2369 438 2426 Iam
458 2384 530 2427 vero
552 2366 667 2425 fabulas
688 2365 769 2442 ipsas
798 2365 878 2426 inter
908 2385 939 2425 se
961 2370 1167 2442 comparantes
1199 2364 1272 2445 quid
1300 2363 1360 2423 viri
1389 2362 1469 2422 docti

287 2468 477 2548 profecerint,
499 2467 662 2529 videamus.
707 2465 773 2529 Qua
794 2469 845 2528 via
866 2468 942 2528 inita
973 2474 1117 2548 quantum
1139 2469 1308 2544 discrepent
1338 2466 1387 2524 illi
1416 2465 1468 2524 ubi

193 2598 196 2600 ·
288 2570 473 2650 cognoveris,
496 2570 596 2631 nescio
619 2589 657 2630 au
672 2572 810 2646 desperes
832 2571 870 2630 de
884 2571 1026 2632 facultate
1049 2591 1110 2631 rem
1125 2576 1256 2632 nostram
1279 2567 1468 2631 adiviuandi

289 2675 416 2738 libidine
438 2674 476 2733 ad
498 2677 608 2733 certam
630 2672 898 2748 argumentationis
919 2675 1064 2733 rationem
1086 2674 1255 2736 revocandi.

373 2777 449 2835 Nam
481 2795 498 2834 a
529 2775 749 2852 comparatione
779 2774 946 2836 fabularum
978 2775 1106 2853 profecti
1129 2777 1265 2854 Gruppe,
1297 2769 1467 2852 Teuffel¹)‚

288 2880 411 2941 Kolster
424 2874 462 2960 ²),
485 2875 685 2940 Wilamowitz
707 2878 887 2956 Euripideae
910 2879 1045 2938 Electrae
1068 2879 1196 2955 priorem
1225 2881 1351 2937 aetatem
1374 2878 1469 2936 tribu·

289 2989 352 3059 unt,
375 3003 439 3043 cum
462 2980 522 3054 alii,
544 2980 577 3040 in
593 2980 701 3059 quibus
715 2979 863 3061 imprimis
878 2980 980 3041 Flesse
1002 2984 1034 3040 et
1047 2981 1183 3040 Ribbeck
1201 2979 1373 3058 appellandi
1387 2985 1467 3052 sunt,

290 3085 467 3146 contrariam
490 3083 660 3160 opinionem
682 3084 789 3143 acriter
812 3084 981 3143 defendant.
1341 3075 1343 3078 ’

373 3189 475 3265 Atque
490 3202 668 3264 quamquam
683 3183 809 3258 libellos,
831 3183 1003 3257 sententias,
1025 3185 1107 3246 locos
1129 3185 1263 3262 singulos
1278 3204 1390 3260 omnes,
1416 3185 1466 3264 qui

288 3291 347 3348 huc
369 3291 512 3365 spectant,
535 3303 710 3363 percensere
731 3285 806 3346 mihi
829 3305 889 3346 ιιοιι
917 3285 950 3345 iu
973 3285 1072 3348 animo
1095 3295 1141 3349 est
1161 3308 1256 3368 eoque
1278 3287 1376 3347 minus
1398 3287 1468 3347 atti·

289 3395 351 3464 uet,
374 3391 453 3469 quod
475 3388 534 3448 ism
556 3389 659 3448 Flesse
681 3395 712 3449 st
732 3390 848 3449 Krause
877 3387 948 3448 huic
969 3390 1089 3466 negotio
1118 3391 1255 3451 idoneam
1278 3409 1396 3467 operam
1419 3390 1468 3449 de·

288 3494 412 3566 derunt,
441 3496 542 3552 tamen
563 3490 652 3549 huius
674 3509 793 3572 quoque
815 3492 939 3552 rationis
967 3492 1031 3553 vias
1060 3493 1160 3555 varias
1189 3493 1292 3572 paucis
1323 3491 1468 3569 exemplis

289 3594 387 3656 allatis
408 3593 574 3654 illustrabo.

373 3699 422 3758 Ad
444 3695 724 3774 contomplationem
746 3697 913 3758 fabularum
945 3698 1076 3779 artisque
1107 3701 1140 3760 in
1168 3705 1294 3778 chaque
1317 3697 1467 3758 adhibitae

288 3801 460 3864 universam
484 3802 582 3862 animo
605 3799 720 3860 intento
744 3801 873 3879 (iruppq
895 3802 1018 3878 Teuffel,
1041 3803 1162 3863 Kolster
1183 3821 1218 3862 ea
1239 3802 1276 3860 de
1299 3820 1387 3862 causa
1409 3801 1468 3858 Eu·

289 3902 417 3980 ripidem
439 3903 633 3965 antecessisse
655 3922 828 3982 persuasum
850 3905 977 3980 habeut,
1000 3907 1078 3986 quod
1094 3903 1250 3981 Sophoclis
1266 3902 1367 3964 fabula
1382 3901 1467 3960 Euri·
1494 3901 1497 3906 ’

288 4003 408 4081 pideam
431 4009 495 4065 arte
517 4010 672 4084 tantopere
695 4015 824 4085 superet,
847 4012 880 4067 ut
900 4008 951 4068 hic
973 4029 1057 4068 suam
1078 4007 1174 4084 ipsius
1188 4010 1258 4083 post
1278 4004 1361 4065 illius
1383 4005 1466 4063 labu-

359 4191 384 4256 1)
402 4179 502 4258 „Usber
520 4193 563 4241 des
580 4193 720 4255 Aeschylus
738 4194 880 4244 Promethie
897 4195 947 4243 und
965 4193 1089 4256 crassior,
1107 4191 1238 4254 Tdbiugen
1257 4194 1331 4243 1861,

289 4259 563 4394 de⁸⁴‘‚2)Aizgl;fsp8pi9s
581 4263 635 4312 Zeit
653 4264 698 4311 dsr
715 4263 859 4324 Abtassung
885 4265 928 4312 der
945 4263 1064 4312 Elektreu
1082 4263 1126 4312 des
1144 4262 1283 4324 Sophokles
1301 4262 1352 4311 und
1369 4261 1467 4322 Euripi-
