3238 4956
623 261 837 342 ...gt-..2

130 441 248 507 tamine
270 453 390 524 paratus
412 469 441 508 v.
467 453 545 508 685:
570 446 687 525 είςῆλθε
708 444 854 528 λαμπρός,
877 449 950 507 πᾶσι
973 450 1035 517 τοῖς
1057 436 1120 506 ίιιεῖ
1139 435 1237 524 σίβος,
1260 437 1319 506 Eu·

131 550 271 626 ripideue
294 551 457 627 Aegisthus
487 554 524 611 ad
546 553 674 612 hostiam
698 555 875 612 caedendam
898 572 929 610 se
951 571 1148 627 praeparans,
1180 550 1232 630 qui
1254 550 1318 626 ipse

130 653 225 728 paulo
248 660 315 729 post
338 654 489 714 caeditur:
520 651 637 733 δρέπων
667 654 795 732 τερείνης
818 653 963 731 μυρσίνης
984 646 1064 735 κόρᾳ
1087 648 1227 721 πλόκους.
1266 653 1318 712 vDe

130 760 219 829 parte
242 755 352 827 altera,
385 777 443 834 qua
474 756 551 816 actio
581 757 647 832 ipra
669 757 848 830 continetur,
871 755 1045 834 Euripidem
1069 777 1150 814 suam
1173 755 1317 814 rationem

24 873 25 878 ¹
129 877 200 914 cum
230 857 354 917 consilio
386 859 566 934 Sophocleae
601 859 774 935 opposuisse
806 858 902 918 videri
933 859 992 916 iam
1023 858 1064 935 (p.
1091 856 1143 934 59)
1175 856 1316 927 disserui;

131 961 280 1018 accedunt
302 960 436 1035 singulae
459 961 670 1021 similitudines
699 962 730 1020 in
754 966 929 1038 argumento
953 959 1088 1039 quamvis
1105 961 1228 1019 diverso
1250 979 1318 1018 nar-

131 1063 245 1120 rando:
277 1068 311 1121 ut
333 1064 422 1139 Soph.
447 1065 493 1123 El.
518 1065 686 1123 711-715
716 1066 754 1125 cf.
788 1084 854 1123 cum
876 1064 947 1121 Eur.
979 1062 1024 1120 El.
1050 1065 1232 1134 800-803;
1263 1062 1318 1120 im-

132 1163 299 1241 primisque
323 1166 411 1241 Soph.
437 1166 512 1226 713:
537 1168 596 1235 πᾶς
620 1162 774 1241 ἔμεστοίθη
798 1158 909 1242 δρόμος
931 1157 1048 1222 κτύπου
1072 1183 1138 1224 cum
1161 1166 1230 1223 Eur.
1256 1170 1316 1223 802

133 1267 217 1322 πᾶσα
250 1262 274 1322 δ’
305 1262 426 1324 ἐκτύπει
447 1264 552 1346 στίμη;
584 1268 835 1344 comparationem
866 1268 948 1325 illam
978 1252 1037 1324 iam
1061 1272 1318 1326 commemoratam

134 1367 208 1426 Eur.
233 1372 310 1428 825:
344 1361 512 1446 ἢδρομεύς
535 1363 656 1440 δισσούς
678 1365 818 1440 διαύλους
841 1374 912 1443 etc,
945 1389 1010 1428 cum
1033 1369 1122 1444 Soph.
1147 1374 1224 1429 691:
1248 1365 1317 1447 δρό-
1370 1375 1373 1382 “

133 1490 200 1544 μων
231 1465 360 1529 διαύλων
397 1478 471 1546 etc,
511 1473 647 1532 Orestem
682 1474 896 1550 Sophocleum,
934 1473 986 1551 qui
1020 1464 1208 1549 φορούμενος
1242 1465 1318 1549 wells

134 1559 258 1643 οὖδας,
292 1567 384 1632 ἄλλοτ’
416 1567 534 1657 οὐρανῷ
568 1572 655 1651 σκέλη
690 1575 867 1654 προφαίνων
898 1575 1092 1646 describitur,
1131 1594 1196 1632 cum
1227 1575 1317 1648 Aegi·

133 1677 203 1732 stho
228 1675 404 1752 Euripide0,
436 1678 519 1737 cuius
545 1677 619 1754 σῶμ’
649 1671 710 1736 divar
738 1671 818 1737 κότω
841 1670 985 1756 ἤσπαιρεν
1016 1669 1154 1754 ησιιοίριζε
1185 1675 1316 1752 δυσθνη-

134 1778 209 1834 τοῦν
232 1772 324 1859 φόνῳ.
371 1782 513 1838 Extrema
536 1800 607 1838 vero
630 1784 716 1857 parte
740 1782 885 1859 quomodo
909 1800 939 1838 se
963 1785 1074 1854 gerant,
1099 1779 1150 1857 qui
1173 1784 1317 1856 spectant,

78 1961 80 1964 Ι
135 1881 216 1954 apud
230 1881 406 1956 Sophoclem
422 1876 546 1959 στρατός
569 1879 594 1941 δ’
618 1875 701 1952 ὅπως
724 1873 780 1963 όρᾷ
803 1904 857 1956 νιν,
881 1885 961 1959 apud
976 1882 1148 1957 Euripidem
1172 1880 1268 1957 δμῶες
1291 1879 1316 1940 δ’

135 1974 267 2054 ἰδόντες,
298 1989 450 2054 narratur;
481 1991 570 2062 atque
598 1984 755 2060 Sophoclei
786 1983 904 2062 quidem
929 1983 1043 2044 Orestis
1074 1990 1169 2043 morte
1199 1990 1318 2060 aspecta

134 2084 295 2144 multitudo
320 2087 453 2164 querelas
475 2087 651 2163 profundit,
682 2107 787 2163 corpus
816 2106 888 2146 vero
919 2089 1004 2146 modo
1041 2106 1056 2144 e
1085 2087 1158 2146 loris
1188 2087 1316 2147 solutum

133 2187 235 2246 statim
252 2189 434 2248 comburitur
456 2190 519 2264 (καί
534 2211 578 2248 νιν
593 2189 677 2272 πυρᾷ
692 2185 811 2258 κέαντες
831 2183 940 2266 εὐθύς)
964 2175 1171 2268 combussique
1187 2188 1318 2249 cinerem

133 2291 237 2348 ferunt
274 2292 391 2350 domum
420 2292 609 2366 Atridarum
647 2295 725 2368 apud
759 2292 931 2368 Euripidem
968 2312 1040 2351 vero
1079 2294 1167 2350 caede
1198 2296 1317 2367 aspecta

130 2392 273 2466 Aegisthi
303 2392 384 2454 servi
408 2393 541 2454 Orestem
574 2395 704 2470 aggressi
733 2396 888 2471 placantur
910 2395 1064 2473 filiumque
1089 2394 1320 2468 Agamemnonis

129 2513 147 2550 a
173 2512 257 2553 servo
282 2497 411 2572 quodam
433 2516 502 2556 sene
525 2497 709 2572 recognitum
733 2497 834 2557 statim
857 2497 980 2571 cingunt
995 2497 1140 2556 victorem
1162 2491 1314 2574 (στέφουσι

129 2591 157 2651 δ’
183 2589 290 2673 εὐθύς)
314 2597 507 2677 cinctusque,
542 2619 606 2658 cum
629 2599 787 2676 Sophoclei
816 2600 927 2659 mortui
957 2600 1031 2658 cinis
1055 2602 1171 2658 domum
1195 2600 1316 2670 feratur,

129 2697 198 2772 ipre
220 2697 336 2758 inimici
359 2720 464 2776 corpus
487 2702 614 2760 afferens
645 2704 724 2763 redit
747 2704 882 2762 Electrae
908 2705 1171 2763 demonstraturus.
1217 2706 1317 2779 Atque

129 2805 233 2859 nostra
255 2802 422 2876 sententia,
454 2823 512 2880 qua
534 2805 694 2880 Euripides
723 2808 779 2864 hac
807 2806 839 2864 in
863 2826 952 2864 scena
974 2806 1177 2883 componenda
1200 2804 1316 2878 Sopho-

128 2902 206 2961 clem
227 2903 359 2963 imitatus
383 2925 445 2964 esse
477 2906 562 2964 nobis
585 2906 713 2978 videtur,
744 2907 904 2968 adiuvatur
926 2908 1051 2980 ratione,
1083 2926 1141 2986 qua
1163 2904 1317 2964 inducitur
1354 2911 1359 2926 ¹

128 3003 285 3081 Euripidis
307 3026 405 3067 scena.

217 3109 334 3168 Electra
367 3110 447 3168 enim
478 3110 655 3187 Euripidea,
688 3129 763 3189 quae
795 3117 882 3171 antea
912 3112 965 3170 vix
996 3133 1027 3172 se
1055 3112 1186 3172 retinere
1217 3115 1316 3188 potest

126 3228 202 3286 prae
225 3211 389 3286 cupiditate
411 3213 549 3272 nuntium
583 3214 730 3292 quondam
753 3213 892 3295 audiendi
921 3215 971 3293 (cf.
995 3236 1023 3278 v.
1050 3215 1125 3272 759:
1157 3205 1211 3271 οὐκ
1236 3209 1313 3282 ἔστι,

24 3325 25 3330 ’
126 3306 321 3388 νιιιαίμεσθα·
346 3317 406 3374 ποῦ
429 3309 484 3395 γόρ
508 3307 663 3394 ύίγγελοη),
686 3320 756 3374 tunc
779 3313 946 3375 ministrum
968 3316 1083 3376 Orestis
1106 3315 1314 3374 advenientem

125 3418 301 3496 laetumque
323 3418 461 3477 nuntium
492 3419 692 3480 desideratum
722 3419 902 3479 referentem
933 3419 1040 3495 recipit
1072 3417 1174 3477 verbis
1197 3416 1315 3490 frigidis

126 3520 172 3598 (v.
197 3518 287 3596 765):
311 3518 354 3589 τίς
377 3516 401 3577 δ’
426 3509 455 3577 εί
473 3513 527 3592 σύ,
558 3522 624 3590 πῶς
646 3541 698 3596 μοι
720 3513 809 3579 πιστοὶ
831 3520 984 3596 σημαίνεις
1007 3513 1093 3593 πόδες
1126 3538 1200 3596 quae
1225 3538 1313 3596 quae·

126 3621 188 3681 stio
211 3622 270 3679 iam
291 3621 358 3698 ipsa
380 3621 478 3682 animo
501 3623 636 3682 Electrae
660 3623 790 3682 excitato
813 3623 867 3681 vix
890 3633 959 3698 apta
990 3643 1023 3681 eo
1053 3620 1147 3694 magis
1180 3620 1313 3693 offendit,

127 3725 210 3803 quod
225 3723 304 3782 idem
319 3725 365 3786 vir
382 3744 459 3784 unns
475 3745 513 3784 ex
529 3724 642 3784 Orestis
658 3724 816 3784 comitibus
838 3745 898 3784 non
915 3725 986 3784 satis
1011 3723 1112 3782 multis
1135 3723 1170 3780 ab
1195 3723 1313 3780 Electra

123 3828 196 3902 ipsa
217 3826 276 3884 iarn
298 3833 385 3887 antea
407 3833 582 3904 conspectus
604 3832 658 3887 est.
692 3827 757 3886 Iam
779 3827 922 3903 respicias
938 3825 1122 3902 Sophoclem,
1146 3825 1229 3882 cuius
1248 3825 1314 3902 Cly-

125 3932 270 3989 temestra
299 3932 469 4006 paedagogo
503 3930 638 4008 quamvis
671 3930 802 3988 nondum
835 3935 953 4004 aspecto
994 3948 1048 3986 nec
1081 3928 1201 4002 cognito
1238 3949 1268 3986 se
1298 3949 1314 3985 a

125 4033 306 4092 Phanotheo
329 4032 450 4092 missum
467 4033 662 4111 Orestemque
678 4037 828 4098 mortuum
850 4051 915 4090 esse
939 4029 1090 4090 nuntianti
1113 4030 1204 4088 nullis
1226 4031 1313 4089 testi·

125 4135 238 4196 moniis
260 4135 384 4211 prolatis
407 4136 507 4196 statim
529 4135 618 4193 fidem
640 4136 739 4212 habet,
766 4136 801 4193 de
824 4133 950 4194 ueritate
973 4132 1073 4193 nuntii
1096 4132 1208 4191 abillo
1231 4132 1313 4190 allati

125 4259 166 4300 ne
190 4237 307 4298 dubitat
338 4238 470 4317 quidem3
502 4257 570 4297 nam
593 4239 685 4300 verba
718 4242 787 4315 post
808 4237 1009 4297 narrationem
1040 4235 1203 4314 paedagogi
1235 4233 1314 4308 dicta
