3238 4956
728 335 941 402 ..38-

234 503 352 587 ἇνᾶρός,
369 517 399 570 et
415 511 502 588 (673)
518 506 637 586 τέθνηκ’
653 505 804 587 Ὀρέστης,
822 508 1000 586 Euripideus
1016 509 1051 567 dc
1067 527 1098 566 se
1115 507 1289 584 pronuntiat
1304 505 1409 586 (228):

233 607 308 689 ἥκω,
331 609 431 690 φέρων
453 630 501 671 σοι
521 613 577 672 σοῦ
599 605 775 690 κασιγνήτου
796 605 919 689 λόγους,
953 619 983 670 et
1005 611 1047 692 ζῇ.
1085 610 1189 686 πρῶτα
1211 602 1266 688 yoip
1289 606 1336 668 cci
1358 604 1411 668 τᾶ-

234 712 304 792 γαθ’
327 709 473 793 ἀγγέλλειν
494 712 592 788 θέλω,
615 723 705 794 etque
727 715 846 774 Electra
866 713 1042 788 respondet:
1065 703 1275 787 εὐδαιμονοίης
1296 705 1411 788 μισθόν

234 808 363 891 ἡδίστων
384 808 489 894 λόγων.
533 817 593 875 Our
613 818 715 878 verbis
735 817 840 893 πρῶτα
862 808 917 892 γὰρ
940 821 997 873 etc.
1029 815 1191 874 honorem
1214 823 1344 889 premet,
1376 834 1410 872 se

234 919 332 979 stetim
348 920 434 978 initio
450 918 655 979 collocutionis
672 919 805 979 Electrae
821 918 958 976 nuntium
980 916 1098 975 felicem
1118 915 1207 993 ferre,
1230 935 1282 974 sue
1303 923 1410 992 sponte

234 1022 287 1081 vix
308 1021 436 1096 intelligi
458 1039 545 1097 posse
566 1027 649 1100 puto.
694 1021 768 1079 Num
791 1019 864 1098 quid
885 1019 964 1077 eliud
987 1019 1029 1090 is,
1050 1017 1103 1096 qui
1125 1017 1212 1075 modo
1234 1038 1265 1076 se
1288 1019 1411 1077 nuntios

236 1123 349 1182 Orestis
368 1123 480 1181 referre
502 1122 588 1195 dixit,
609 1123 789 1199 respondere
810 1122 909 1197 potuit
923 1121 1059 1182 Electrae
1082 1120 1236 1197 quaerenti
1260 1105 1318 1194 ἆρα
1338 1121 1410 1192 ζῶν-

235 1244 286 1294 τος
307 1217 328 1300 ἢ
349 1216 548 1299 remordeor?
599 1225 663 1284 Iam
687 1224 821 1284 conferes
843 1223 1033 1300 Sophoclem,
1064 1221 1147 1280 cuius
1173 1221 1292 1281 Orestes
1320 1223 1410 1298 plone

234 1326 414 1385 contrarium
435 1326 534 1384 dolum
556 1327 684 1386 efferens
717 1327 789 1386 setis
819 1325 870 1384 diu
891 1325 966 1384 falso
989 1325 1047 1382 hoc
1069 1324 1176 1382 nuntio
1198 1343 1327 1382 sororem
1348 1329 1410 1382 tor·

234 1446 329 1506 quens
351 1446 382 1486 se
403 1429 522 1502 retinet,
545 1429 639 1488 donec
660 1429 779 1488 tandem
802 1446 833 1486 se
855 1428 952 1502 ipsum
976 1426 1110 1486 Orestem
1132 1425 1234 1485 vivum
1255 1445 1318 1484 esse
1341 1443 1410 1500 pro·

235 1528 369 1603 nuntiet,
400 1529 443 1588 ite
464 1538 498 1589 ut
518 1535 600 1591 recte
622 1531 740 1590 Electra
762 1530 869 1588 clamet
891 1527 1016 1608 (1314):
1044 1520 1110 1603 ἥτις
1132 1527 1185 1607 μιᾷ
1208 1542 1239 1584 σε
1262 1524 1325 1608 τῇδ’
1347 1517 1410 1605 ὁδῷ

234 1624 368 1690 θανόντα
386 1650 417 1690 τε
439 1627 491 1689 καὶ
516 1631 598 1703 ζῶντ’
622 1627 752 1703 desidem
776 1640 866 1711 etque
887 1632 966 1690 hene
988 1629 1230 1706 compositionem
1253 1628 1410 1705 Sophoclis

232 1732 337 1792 irridet
358 1733 407 1793 vel
428 1733 581 1810 vituperet
601 1734 758 1810 Euripides
779 1733 839 1793 illis
861 1733 960 1794 verbis
982 1733 1035 1813 ζῇ·
1063 1733 1168 1809 npoirc
1190 1722 1245 1808 γαρ
1268 1737 1324 1790 etc.

320 1840 419 1914 Atque
441 1838 475 1893 ut
496 1834 526 1892 in
550 1835 597 1894 his
618 1836 727 1907 verbis,
750 1837 792 1895 sic
814 1837 845 1893 in
867 1855 917 1896 vv.
941 1839 1002 1892 290
1026 1839 1057 1894 et
1078 1840 1136 1893 291
1164 1851 1298 1912 quoque:
1321 1829 1410 1907 οἴμοι,

235 1928 296 1995 rc'd'
319 1928 385 1995 cleu
406 1927 508 2005 εἶπας·
539 1932 681 2013 αἴσθησις
702 1929 758 2015 peip
781 1925 837 1995 οὖν
867 1930 927 1995 xcix
949 1937 1009 1994 cciv
1030 1923 1168 2014 θυραίαν
1190 1928 1336 2010 πημάτων
1357 1928 1410 1992 δᾶ-

234 2058 297 2097 ιινει
318 2030 446 2116 βροτούς
474 2038 573 2098 nescio
602 2059 641 2098 en
670 2040 827 2116 Euripides
855 2039 1031 2117 Sophoclem
1065 2039 1212 2113 corrigere
1244 2038 1299 2098 sibi
1329 2039 1412 2098 visus

234 2159 298 2202 esse
319 2141 468 2217 putandus
490 2140 538 2212 sit,
561 2141 644 2200 cuius
667 2142 786 2203 Orestes
808 2142 912 2219 (Soph.
937 2141 1031 2216 1179)
1053 2146 1121 2218 post
1142 2143 1233 2202 verbe
1255 2160 1308 2200 sue
1329 2138 1412 2215 οἴμοι

232 2241 371 2319 ταλαίνης
392 2228 451 2319 ἆρα
471 2239 558 2317 copodo
579 2244 738 2321 συμφορᾶς
759 2245 894 2303 Electrae
909 2243 1064 2322 quaerenti
1086 2235 1123 2301 οὐ
1138 2237 1176 2318 δή
1198 2240 1271 2315 ποτ’,
1294 2228 1319 2300 oi
1341 2238 1410 2312 ξέν’,

234 2339 309 2421 ἄμφ’
333 2339 400 2420 ἐμοὶ
422 2339 531 2413 στένεις
552 2335 639 2416 scida
674 2365 733 2405 non
756 2346 917 2422 respondet
938 2345 1109 2425 nullumque
1132 2363 1248 2404 consum
1271 2345 1334 2405 sive
1355 2345 1411 2402 fcl-

235 2466 296 2506 scm
319 2447 382 2507 sive
403 2465 503 2506 rerem
527 2447 655 2522 profert,
684 2446 727 2506 itc
758 2452 792 2506 ut
812 2449 904 2508 verbe
931 2427 985 2506 ille
1008 2447 1159 2522 Euripidis
1181 2444 1322 2520 αἴσθησις
1353 2439 1411 2524 γάρ

235 2535 289 2607 οὖν
319 2553 373 2608 etc.
409 2567 462 2608 suo
498 2548 563 2608 loco
594 2549 648 2608 vix
677 2549 853 2627 quadrantis
882 2549 1106 2625 responsionem
1144 2549 1207 2608 fere
1240 2549 1413 2610 contineant

235 2650 370 2709 nlccecs
390 2648 572 2726 Sophocleue
592 2651 751 2710 verborum
774 2645 811 2709 οὐ
835 2644 873 2727 δή
895 2652 961 2711 ποτ’
982 2657 1038 2710 etc

196 2773 199 2780 ·
320 2751 357 2808 In
379 2752 434 2810 hoc
455 2751 547 2826 igitur
569 2771 657 2812 scene
670 2753 845 2830 Sophoclem
869 2756 905 2813 cb
920 2753 1063 2830 Euripide
1086 2753 1201 2826 corrigi,
1224 2753 1255 2810 in
1276 2754 1413 2828 recogni-

234 2854 316 2915 tione
335 2854 403 2930 ipso
423 2853 558 2930 superari
579 2854 721 2932 suspicor,
747 2857 883 2934 quemvis
906 2856 1030 2932 singulis
1052 2856 1189 2916 versibus
1213 2861 1273 2914 230
1295 2861 1326 2914 et
1348 2860 1410 2912 290

235 2955 413 3017 sententium
435 2957 566 3015 noudum
588 2956 660 3016 sctis
682 2957 827 3018 firmatum
849 2965 959 3035 putem.

319 3060 383 3117 Ism
399 3060 608 3139 quaerendum,
629 3064 728 3119 utrum
751 3067 853 3120 nostre
867 3061 1016 3120 sententie
1038 3061 1103 3120 eliis
1125 3062 1213 3120 rebus
1235 3059 1333 3138 iisque
1349 3080 1411 3121 cer·

235 3161 360 3221 ticribus
382 3159 573 3219 confirmetur
593 3179 631 3218 en
652 3162 829 3223 infirmetur.
873 3162 940 3228 One
961 3165 998 3222 de
1020 3183 1108 3223 cause
1133 3165 1169 3222 ed
1191 3163 1304 3240 primae
1326 3165 1412 3222 fobu-

236 3263 282 3322 loc
304 3261 397 3338 pertis
418 3260 641 3321 similitudinem
663 3282 816 3324 scenarum
835 3267 982 3339 edeemus,
1005 3285 1093 3346 quem
1115 3267 1162 3328 vir
1184 3287 1313 3324 summus
1336 3287 1411 3344 qno·

236 3383 302 3444 que,
326 3362 535 3436 Wilnmowitz,
556 3365 681 3441 pressim
704 3365 756 3444 qui
778 3368 833 3440 vir,
856 3372 925 3428 uter
944 3373 1035 3444 poete
1056 3387 1108 3428 sue
1131 3373 1236 3444 sponte
1257 3369 1411 3442 adductus,

236 3466 345 3546 quibus
367 3465 462 3525 causis
484 3473 610 3545 uterque
633 3475 794 3528 commotus
826 3470 867 3529 sit
893 3471 929 3530 od
961 3490 1029 3530 suns
1059 3489 1161 3530 scenos
1184 3473 1411 3546 componendas,

237 3569 393 3647 inquirens
424 3571 513 3647 etque
542 3587 715 3644 comparens
742 3571 917 3648 Sophoclem
946 3573 1139 3648 posteriorem
1169 3591 1234 3632 esse
1255 3572 1311 3631 hcc
1332 3592 1411 3630 com·

236 3672 389 3747 paratione
404 3670 599 3730 demonstrari
614 3677 707 3747 putet.
730 3672 787 3732 Sed
802 3674 903 3733 audies
918 3674 981 3734 eius
995 3674 1090 3751 ipsius
1105 3676 1196 3736 verbu
1212 3674 1272 3752 (l.l.
1283 3695 1311 3750 p.
1322 3673 1413 3750 221):

234 3773 310 3844 „Dic
332 3761 530 3832 ilhnlichksit
551 3773 603 3832 der
625 3774 739 3848 Aulege
762 3777 826 3853 (des
841 3775 1011 3854 Euripides)
1032 3777 1087 3837 mit
1109 3775 1273 3853 Sophoklcs
1295 3777 1413 3852 springt

235 3873 266 3931 in
289 3873 336 3931 die
358 3875 482 3950 Augen3
513 3877 622 3952 Prolog
644 3877 695 3936 des
718 3876 853 3951 Orestes,
883 3879 1037 3954 chgelied
1066 3879 1221 3951 Elektrus,
1253 3879 1412 3938 Auftreten

235 3977 286 4034 des
308 3976 401 4034 Ohors
422 3975 462 4035 ist
476 3977 583 4036 beiden
599 3979 788 4054 gemeinsem.
832 3982 871 4040 Es
893 3980 933 4040 ist
954 3999 1030 4054 genu
1052 3982 1112 4040 und
1135 4000 1188 4056 ger
1210 3981 1412 4054 eusgeschlos-

235 4096 296 4150 sen,
327 4076 395 4135 hier
416 4075 482 4136 eine
505 4079 644 4154 cufsllige
666 4071 959 4158 Ubereiustimmung
987 4085 1203 4144 ennunehmeu.
1247 4084 1320 4143 Wer
1342 4083 1413 4142 eber

234 4180 301 4238 dem
325 4179 436 4238 andern
459 4179 581 4238 Vorbild
606 4201 741 4255 gerrem
764 4185 821 4257 ist,
848 4187 974 4244 deriiber
997 4187 1078 4244 kann
1100 4185 1171 4245 kein
1193 4185 1317 4248 Zweifel
1338 4185 1412 4259 sein,

221 4281 337 4341 -sobuld
360 4301 426 4339 mon
450 4283 598 4358 hemerlrt,
621 4286 701 4361 dese,
726 4305 787 4347 wes
809 4288 857 4347 bei
879 4286 1046 4363 Sopholrles
1068 4308 1143 4364 gouz
1166 4288 1326 4348 uurssrlich
1350 4288 1414 4346 und
