3238 4956
574 305 869 388 'mii-⁴

170 484 229 556 nisi
253 487 399 576 Aeschyli
421 497 575 573 tragoedia
597 502 716 560 serrata
737 502 834 572 esset;
856 517 961 560 versus
983 496 1079 572 igitur
1103 489 1270 556 ele-544
1293 497 1354 555 teht

170 600 282 660 multm
314 599 495 662 offensiones
534 603 678 678 praebere
712 603 784 662 hieu
822 604 923 679 putet,
962 605 998 662 ut
1032 599 1190 679 suspiciosi
1223 597 1353 660 habendi

171 702 242 762 siut.
288 702 496 780 Suspicionem
520 709 622 764 autem
644 724 679 765 eo
702 703 819 778 augeri,
853 704 934 783 quod
964 724 1015 766 vv.
1040 707 1099 762 545
1124 722 1167 782 sq.
1198 706 1353 779 conuptos

170 805 222 865 vel
243 825 365 866 mancos
388 827 453 866 esse
475 827 650 883 persuasum
678 807 794 868 habens
824 806 869 865 ita
890 807 1081 882 corrigendos
1104 825 1168 866 asse
1190 809 1292 882 putat,
1320 807 1355 863 ut

172 907 323 966 emendati
345 928 406 968 non
427 911 574 984 Electrae,
597 910 650 970 sed
665 909 830 989 paedagogi
852 909 966 987 proprii
988 928 1053 968 esse
1075 909 1214 981 debeant,
1235 906 1354 986 quibus,

173 1009 201 1069 si
223 1029 275 1072 vv.
300 1015 468 1070 518-544
490 1013 673 1086 delerentur,
696 1012 861 1072 orationem
883 1010 1048 1090 paedagogi
1071 1009 1184 1088 optime
1206 1008 1353 1082 concludi,

175 1112 393 1172 sententiarum
421 1121 557 1174 tenorem
587 1133 801 1194 coenarumque
833 1133 1002 1176 connexum
1030 1117 1146 1174 rectum
1182 1117 1214 1172 et
1242 1114 1354 1173 bouum

173 1233 239 1274 essa
262 1214 480 1294 arbitratum).

242 1365 268 1430 1)
294 1366 350 1426 Qua
367 1368 541 1416 emendatione
561 1370 638 1417 hiauii
664 1370 769 1431 probata
787 1370 964 1417 sententiarum
989 1381 1114 1416 connexus
1139 1366 1240 1414 minime
1265 1365 1354 1424 bonus,

170 1435 247 1481 immo
265 1439 380 1484 turbatus
399 1439 459 1484 mihi
477 1438 575 1486 videtur
593 1439 669 1486 variis
695 1439 839 1487 rationibus.
879 1441 916 1486 Ac
943 1438 1049 1498 primum
1074 1437 1173 1496 quidem
1197 1437 1355 1496 paedagogus

172 1505 195 1550 ei
213 1505 361 1551 sacrificium
379 1504 442 1552 illud
459 1507 485 1552 in
503 1509 695 1566 Agamemnonis
721 1509 817 1555 tumulo
834 1508 926 1556 iactum
951 1512 975 1554 et
991 1507 1126 1554 adventum
1144 1504 1240 1552 Orestis
1258 1504 1355 1550 nuntio·

171 1586 227 1619 rum
244 1586 295 1619 non
313 1587 357 1632 per
374 1576 464 1621 t'ortem
481 1574 652 1636 fortunamque
670 1577 757 1624 eodem
782 1577 822 1624 die
848 1576 960 1623 evenisse
977 1581 1057 1636 putat,
1082 1579 1109 1620 ut
1134 1575 1193 1620 Mau
1210 1573 1280 1630 vult,
1305 1587 1355 1619 uon

172 1643 255 1701 video,
275 1655 319 1687 cur
336 1656 386 1688 non
403 1643 524 1702 imprimis
542 1646 588 1692 hos
605 1646 705 1693 nuntios
727 1646 795 1706 ipsos
813 1645 961 1692 sacrificium
978 1644 1042 1690 illud
1059 1643 1191 1702 perfecisse
1208 1642 1354 1700 suspicatur,

172 1711 217 1756 sed
236 1711 368 1757 concludet
386 1725 455 1758 suam
473 1712 611 1762 orationem
628 1741 662 1750 -
680 1728 711 1761 ex
723 1714 799 1761 idauii
811 1713 933 1762 sententia
950 1740 984 1749 -
1002 1712 1102 1760 verbis:
1121 1702 1176 1760 ἀλλ’
1194 1701 1212 1772 ἤ
1231 1725 1269 1766 τις
1287 1707 1356 1768 ξένος

264 1768 444 1842 ἧΌρέστης,
471 1794 535 1840 quaa
560 1782 681 1830 dubitatio
704 1783 731 1830 in
749 1797 791 1830 ore
809 1783 963 1842 paedagogi,
987 1781 1029 1840 qui
1054 1793 1112 1841 prae
1130 1779 1221 1838 gaudio
1239 1779 1355 1824 lacrimas

171 1846 249 1904 ludit,
272 1847 373 1894 minima
398 1856 458 1909 apta
483 1855 528 1897 est.
572 1851 687 1898 Electrae
712 1856 795 1899 autem
819 1849 903 1898 verbis
929 1849 985 1906 usic
1010 1842 1084 1905 εἶπας
1101 1840 1260 1905 ἀνέλπιστον,
1287 1849 1355 1896 ποῖον

171 1906 315 1980 χαρακτῆρ’
334 1911 433 1973 sicconis
451 1931 534 1965 nonne
549 1920 629 1967 elucet
646 1921 818 1981 paedagogum
835 1925 878 1965 aut
895 1918 958 1965 nihil
973 1918 1088 1966 Electrae
1106 1917 1301 1964 communicasse
1325 1916 1356 1962 de

172 1985 237 2030 cirre
255 1989 281 2030 et
298 1984 427 2045 sacrificio,
446 1986 535 2045 qulbus
552 1989 606 2048 ipse
625 1995 650 2035 at
666 1989 766 2036 Electra
783 1988 896 2035 Orestem
912 1988 1001 2034 edesse
1018 1985 1141 2045 suspicari
1157 1985 1262 2044 possint,
1280 2011 1313 2018 -
1331 1989 1357 2029 at

171 2053 199 2098 id
214 2052 296 2111 ipsum
314 2067 345 2099 ex
356 2053 433 2100 Mauii
451 2057 574 2103 sententia
593 2057 701 2104 iecit-
719 2064 763 2103 aut
779 2057 975 2104 communicasse
992 2055 1100 2113 quidam,
1119 2054 1163 2100 sed
1180 2053 1215 2099 ita
1232 2066 1282 2099 non
1300 2066 1356 2112 per·

173 2121 301 2180 cessisse,
329 2124 448 2181 utplana
466 2125 636 2172 retractasse
654 2126 845 2186 atqusElectra
870 2126 925 2185 ipsa
950 2124 1017 2171 illius
1035 2122 1208 2184 suspicationis
1231 2127 1256 2168 et
1273 2121 1356 2180 signo-

171 2202 227 2235 rum
251 2190 302 2235 iam
330 2192 429 2237 omuino
456 2192 551 2238 nullam
578 2195 699 2242 rationem
723 2193 832 2241 habeat?
874 2192 930 2252 Qua
954 2193 985 2240 de
1008 2205 1084 2240 causa
1109 2195 1153 2236 aut
1177 2189 1260 2236 nullos
1284 2190 1356 2235 huius

173 2271 264 2306 scenae
281 2270 371 2305 versus
388 2259 505 2308 delendos
522 2275 577 2309 asse
594 2271 653 2322 puto
671 2268 714 2310 aut
730 2267 808 2310 totam
825 2275 924 2310 scenam
941 2261 957 2307 i.
975 2276 997 2308 e.
1014 2275 1058 2308 vv.
1077 2260 1223 2308 coo—ete.

243 2326 313 2386 Quae
331 2329 468 2389 sententia,
487 2344 536 2389 qua
553 2332 621 2391 prior
638 2337 663 2379 et
679 2332 802 2393 posterior
819 2344 878 2391 pars
895 2344 983 2378 scenae
999 2343 1051 2376 non
1069 2327 1234 2388 seiungendae
1251 2327 1309 2384 sint,
1327 2339 1356 2372 eo

172 2393 324 2455 adiuvatur,
351 2398 416 2454 quod
434 2397 460 2444 in
478 2401 560 2459 priore
577 2414 673 2460 quoque
692 2406 762 2460 parte
778 2399 929 2460 Aeschylum
946 2397 1044 2445 irrideri
1060 2401 1121 2458 puto
1140 2410 1170 2443 ac
1189 2396 1273 2455 miror,
1291 2396 1356 2454 quod

171 2463 232 2510 Mau
255 2463 282 2510 in
307 2464 354 2512 hac
377 2475 447 2525 parts
473 2469 570 2514 nnllam
596 2469 756 2517 offensionem
783 2468 953 2527 investigavit.
987 2466 1087 2514 Etenim
1104 2479 1187 2512 noune
1203 2465 1292 2511 mirum
1312 2472 1357 2523 est,

172 2532 241 2592 quod
258 2533 418 2594 paedagogus
435 2534 461 2582 in
479 2538 574 2583 tumulo
591 2538 678 2585 vinum
695 2538 824 2586 effundens
844 2543 971 2594 totumque
995 2536 1117 2582 tumulum
1134 2533 1237 2580 floribus
1254 2534 1357 2593 cingens

172 2606 233 2662 post
249 2613 322 2649 suum
340 2603 439 2650 demum
456 2605 604 2653 sacrificium
622 2621 695 2654 ovem
712 2606 744 2654 ab
762 2605 850 2654 Oreste
867 2612 1015 2664 mactatam,
1031 2603 1178 2663 sanguinem
1196 2602 1292 2662 iusum,
1311 2602 1357 2648 cir·

172 2683 230 2716 rum
247 2669 412 2718 sacrificatum
424 2673 533 2733 aspicit?
551 2674 621 2734 Quae
632 2690 672 2722 res
684 2675 859 2724 verisimilitati
876 2688 927 2722 noa
938 2673 1117 2733 respondentes
1134 2672 1160 2717 in
1178 2671 1225 2718 hac
1236 2669 1357 2730 imprimis

172 2738 261 2785 sabula
278 2738 404 2799 Euripidis
422 2741 547 2790 offendere
566 2743 674 2803 debent,
701 2759 774 2804 quem
791 2745 852 2792 satis
870 2756 986 2803 magnam
1003 2754 1105 2802 operam
1121 2740 1296 2788 verisimilitati
1313 2752 1356 2786 na-

171 2820 250 2855 vasse
268 2807 392 2871 vidimus,
409 2808 459 2857 iam
477 2811 510 2860 cf.
528 2813 644 2873 Aeschyli
663 2826 777 2860 scenam:
804 2813 905 2860 Electra
921 2810 1061 2872 sacrificat,
1085 2814 1213 2870 precatur,
1238 2821 1357 2867 sacroque

172 2876 275 2923 demum
292 2876 357 2924 facto
374 2878 465 2926 cirrum
477 2878 572 2928 Orestis
589 2881 693 2942 aspicit:
710 2883 780 2930 vides
798 2881 902 2928 eandem
913 2879 1123 2939 compositionem,
1142 2877 1191 2925 nisi
1208 2879 1273 2937 quod
1291 2877 1357 2936 apud

173 2945 322 3004 Euripidem
339 2946 418 2994 multo
435 2947 518 2997 miuus
536 2950 679 2997 verisimilis
696 2958 741 2998 est.
776 2949 858 3009 Quam
873 2962 926 2996 rem
943 2948 988 2995 tali
1006 2949 1079 2994 modo
1097 2947 1151 2993 sina
1169 2954 1236 2993 certo
1254 2945 1357 2993 consilio

173 3013 296 3074 Aeschyli
313 3013 433 3062 irridendi
448 3016 593 3078 Euripidem
610 3019 747 3068 instituisse
764 3019 809 3065 vix
826 3022 903 3080 puto;
927 3030 986 3076 ergo
1004 3020 1046 3063 aut
1063 3015 1127 3062 nulli
1144 3019 1187 3061 aut
1203 3027 1289 3061 omnes
1307 3027 1358 3060 soe-

174 3096 224 3129 nae
241 3095 330 3130 versus
349 3083 447 3132 delendi
464 3087 588 3136 ridentur.
1280 3085 1282 3090 '

245 3155 280 3200 At
296 3151 336 3199 his
355 3152 468 3202 omnibus
485 3155 601 3205 versibus
619 3156 707 3204 delatis
725 3155 884 3203 difficultates
901 3157 1006 3202 exeunt.
1048 3152 1113 3198 liam
1132 3149 1240 3212 primum
1258 3149 1357 3209 quidem

173 3219 223 3267 illa
234 3219 369 3269 difficultas
382 3225 495 3282 exstaret,
513 3238 587 3283 quam
601 3225 767 3274 Wilamowits
779 3223 904 3272 contextui
916 3228 1017 3272 servato
1028 3220 1119 3268 iniuria
1131 3219 1253 3279 obtrudit3
1267 3219 1357 3267 etenim

173 3313 210 3328 ο-
229 3293 254 3336 et
270 3289 414 3349 ignoscatur
431 3293 492 3339 mihi
510 3293 575 3341 hanc
593 3308 691 3355 quoque
708 3308 761 3342 rem
777 3291 933 3354 respicienti,
956 3289 1074 3352 quoniam
1090 3290 1116 3336 in
1134 3288 1224 3336 uhhus
1242 3283 1358 3351 ἀπορίαις
1413 3301 1416 3306 ⁴

172 3357 291 3417 sagacius
317 3358 369 3406 iare
396 3373 470 3419 quam
487 3363 627 3422 tragoedias
653 3364 724 3412 decet
748 3361 928 3422 investigandis
955 3361 999 3407 illa
1016 3359 1055 3406 vir
1081 3372 1126 3406 sun
1140 3371 1193 3405 nus
1217 3357 1357 3404 antecessit.

177 3427 347 3474 Wilamovitn
365 3427 431 3476 enim
447 3432 574 3479 contendit
590 3447 692 3493 operam
708 3432 847 3493 paedagogi
865 3432 933 3480 cibos
950 3430 1075 3477 onerantis
1092 3441 1178 3475 ‚anam
1194 3427 1279 3484 fuisse,
1298 3424 1358 3472 Ore-

175 3501 241 3543 stem
259 3500 304 3543 aut
319 3496 384 3543 nihil
401 3503 445 3545 aut
462 3514 526 3559 quae
543 3501 593 3549 ism
610 3507 684 3550 antea
708 3502 734 3549 in
752 3501 825 3548 domo
842 3499 927 3548 rustici
945 3502 1028 3547 essent
1045 3497 1196 3557 comedisse,
1222 3509 1284 3554 quae
1302 3508 1357 3542 sen-

174 3563 256 3612 tentia
278 3579 330 3612 non
353 3572 423 3614 recta
444 3568 558 3630 ridetur3
589 3585 647 3618 nam
664 3570 782 3631 quoniam
799 3570 958 3630 paedagogus
983 3582 1008 3615 v.
1028 3566 1078 3614 ⁶00
1355 3581 1356 3584 ¹

402 3681 404 3686 .
469 3635 516 3688 ise)
534 3634 619 3703 φέρων
636 3654 675 3696 τις
692 3641 745 3695 τοῖς
763 3634 840 3697 ξένοις
858 3631 917 3689 τάδ’
936 3633 973 3694 εἰς
990 3633 1074 3690 οἴκους
1302 3698 1308 3710 .

174 3701 261 3761 iubet,
279 3703 365 3751 nescio
381 3718 431 3765 an,
458 3707 517 3753 dum
534 3707 692 3768 paedagogus
710 3720 768 3755 suas
785 3721 826 3754 ras
842 3706 1029 3754 animadversas
1046 3703 1160 3748 Electrae
1186 3705 1359 3759 communicat,

175 3771 281 3820 Orestes
305 3778 330 3819 et
346 3773 456 3834 Pylades
474 3775 537 3822 cibis
564 3777 613 3823 illis
639 3791 656 3823 a
673 3776 819 3837 paedagogo
841 3775 925 3822 allatis
951 3771 1037 3821 satiari
1063 3769 1206 3831 potuerinty
1233 3782 1308 3828 quare
1332 3768 1358 3814 in

175 3845 265 3888 nostro
283 3845 400 3889 contextu
417 3843 478 3890 haec
489 3843 621 3892 dilticmtas
638 3859 689 3893 noa
707 3849 759 3905 est3
777 3845 822 3892 sed
839 3842 953 3891 omnihus
970 3844 1067 3893 demum
1079 3853 1122 3886 vv.
1135 3837 1271 3885 ⁶00-5tti
1291 3837 1358 3883 dele-

174 3911 210 3956 tis
227 3909 291 3956 haec
307 3909 442 3960 merulus
459 3913 679 3960 Wiianrosritaium
703 3913 831 3961 offendens
849 3916 963 3960 exstaret
1006 3909 1060 3956 Hac
1085 3912 1169 3954 sutem
1195 3920 1221 3953 re
1248 3907 1361 3966 neglecta

173 3977 256 4026 verba
274 3975 426 4042 συμβόλοισι
442 3985 495 4038 τοῖς
513 3983 568 4038 σοῖς
584 3983 615 4029 ad
633 3983 772 4030 cicatricem
790 3981 862 4028 modo
880 3982 1094 4028 commemoratam
1112 3975 1201 4024 referri
1226 3975 1268 4021 vix
1286 3988 1359 4034 posse

174 4053 244 4094 recte
262 4046 383 4095 iudicavit
399 4049 574 4109 Wilsmovita,
592 4076 626 4086 -—
644 4065 699 4098 cum
717 4051 756 4098 his
773 4049 856 4098 verbis
873 4049 949 4096 hiauii
968 4046 1165 4095 emendationem
1182 4043 1261 4091 refelli
1279 4043 1360 4089 minus

174 4121 245 4164 recte
263 4115 412 4165 iudicaverit
429 4119 472 4167 ille
489 4119 538 4179 vir,
556 4121 672 4178 quoniam
689 4133 720 4168 cx
737 4119 810 4166 huius
828 4117 951 4167 sententia
967 4130 1011 4162 vv.
1022 4116 1158 4165 hoo—oli
1177 4115 1315 4170 servantur,
1334 4111 1360 4157 in

174 4184 270 4247 qulbus
283 4185 333 4232 iam
345 4187 492 4236 mendcium
510 4194 535 4235 et
547 4190 625 4237 cirrus
636 4193 867 4247 commemorantur,
884 4200 947 4246 quae
964 4185 1055 4246 respici
1072 4187 1177 4245 possunt
1193 4179 1278 4246 verhis
1296 4195 1359 4242 συμ-

175 4251 278 4321 βόλοισι
294 4257 347 4312 τοῖς
365 4259 420 4313 σοῖς
446 4284 480 4293 -
506 4257 543 4304 ita
569 4262 596 4304 ut
620 4257 670 4305 iam
696 4257 736 4304 his
753 4256 839 4304 verbis
855 4261 933 4303 totam
950 4269 1049 4302 scenam
1067 4255 1155 4302 eiicere
1170 4252 1222 4298 iere
1239 4253 1360 4296 vetemur.

175 4323 252 4392 Quod
271 4326 339 4374 idem
355 4327 384 4374 dt
401 4327 485 4376 verbis
502 4322 581 4378 πάλαι
599 4323 712 4387 δέδοικα,
731 4339 794 4388 quae
812 4326 845 4375 ad
862 4325 1035 4388 paedagogum
1052 4324 1211 4372 vehementer
1227 4321 1360 4372 refutatum
