3238 4956
713 297 924 380 ...35-

214 503 369 564 snperare,
403 485 581 563 Sophoclem
613 506 660 548 res
690 507 797 562 augere
827 488 978 558 videatur3
1010 493 1043 546 ut
1073 489 1241 564 exemplum
1272 477 1391 546 alierum

215 591 389 650 sacrificium
414 589 544 662 Orestis,
568 609 634 648 cum
657 591 840 668 Aeschyleus
863 590 971 648 cirrum
994 590 1087 648 solum
1112 591 1255 668 deponat,
1278 590 1392 666 Sopho·

214 695 294 752 uleus
315 693 405 752 flores
428 699 459 750 et
480 692 525 750 lac
547 693 649 764 addat,
673 692 851 768 Euripideus
873 713 958 751 ovem
982 711 1101 770 quoque
1124 699 1232 752 mactet
1253 692 1392 764 hostiam,

214 797 303 874 quod,
327 796 465 874 quoniam
485 794 664 870 Euripideus
687 794 808 853 Orestes
837 795 887 852 ills
910 785 1042 868 ἀσθενὴς
1064 787 1183 873 φεύγων
1206 785 1281 868 ἀνήρ
1304 792 1392 870 (352)

215 897 382 956 cautissime
404 899 436 954 in
459 904 567 956 terram
589 898 732 972 Argivum
755 898 929 972 ingreditur,
955 898 997 956 ita
1019 917 1078 956 non
1100 897 1261 957 verisimile
1284 903 1338 970 est,
1361 903 1394 956 ut

215 1019 268 1057 suu
290 1006 395 1074 sponte
416 1019 478 1058 rem
502 1001 544 1059 sic
566 1001 620 1060 vix
641 999 822 1072 instituerit,
851 1001 901 1058 sed
924 999 1020 1058 causis
1041 1020 1102 1058 non
1124 999 1156 1057 in
1179 999 1392 1074 compositione

216 1121 269 1161 sua
286 1101 351 1160 sitis
366 1103 518 1176 adductus,
541 1103 603 1162 sive
619 1101 801 1179 Aeschylum
822 1103 953 1174 irridere,
978 1103 1061 1160 cuius
1078 1101 1197 1164 Electra
1218 1107 1286 1176 post
1307 1121 1392 1160 suum

215 1205 309 1280 ipsius
331 1205 447 1262 demum
470 1205 647 1264 sacrificium
674 1205 781 1263 cirrum
806 1205 928 1279 aspicit,
957 1204 1022 1264 sire
1043 1204 1221 1280 Sophoclem
1253 1221 1393 1281 superare

214 1307 351 1368 voluerit

302 1411 402 1489 Atque
432 1411 488 1468 hcc
519 1428 638 1488 quoque
666 1429 699 1468 re
732 1405 893 1484 Sophocles
921 1410 958 1468 ab
990 1408 1133 1483 Euripide
1161 1409 1269 1484 corrigi
1298 1408 1394 1469 videri

215 1516 322 1587 potest,
345 1513 433 1589 quod,
457 1531 522 1569 cum
546 1511 772 1588 Chrysothemis
793 1510 958 1586 Sophocles
979 1518 1048 1585 post
1063 1509 1197 1568 Orestem
1220 1512 1256 1569 cb
1274 1511 1393 1570 Electra

214 1613 399 1687 recognitum
415 1633 474 1670 uon
490 1613 698 1672 reconcilietur
712 1612 761 1673 vel
776 1613 917 1687 placetur,
940 1614 991 1672 sed
1006 1631 1024 1670 a
1038 1631 1126 1672 scena
1140 1616 1254 1670 remota
1272 1613 1392 1672 omnino

216 1735 276 1772 non
298 1715 399 1772 redeat
421 1735 519 1793 neque
535 1716 634 1789 gaudii
650 1714 800 1790 particeps
821 1715 881 1786 fiat,
904 1715 1066 1790 Euripidae
1087 1713 1213 1787 Electrc,
1236 1720 1391 1794 postquam

216 1817 336 1875 Orestes
356 1818 526 1891 recognitus
557 1823 617 1890 est,
647 1835 750 1876 senem
779 1824 871 1876 autea
895 1823 975 1876 recte
1003 1817 1096 1891 signis
1121 1816 1182 1874 illis
1214 1816 1393 1876 conclusisse

214 1937 306 1995 seque
328 1919 421 1994 ipsam
444 1926 611 1996 superatam
644 1939 708 1979 ease
731 1921 866 1979 concedit
895 1941 923 1979 v.
948 1918 1007 1978 577
1039 1912 1215 1993 συμβόλοισι
1245 1912 1301 1996 γὰρ
1330 1922 1393 1988 τοῖς

214 2023 279 2087 σοῖς
302 2016 460 2094 πέπεισμαι
483 2013 592 2096 θυμόν.
639 2022 813 2100 Sophoclem
837 2022 937 2096 igitur,
965 2022 1094 2096 sipricr
1116 2026 1168 2093 est,
1190 2023 1227 2079 ab
1251 2021 1393 2097 Euripide

216 2123 431 2200 quodammodo
455 2129 618 2182 correctum
641 2143 705 2183 esse
728 2125 944 2184 concedimus

300 2224 383 2282 Idem
406 2244 503 2303 neque
525 2231 625 2282 tamen
647 2225 714 2300 plus
736 2246 775 2283 ex
798 2225 1011 2300 recognitionis
1041 2225 1136 2300 ipsius
1157 2225 1254 2284 sconis
1276 2245 1393 2300 compc-

214 2326 288 2384 ratis
310 2327 543 2386 concludendum
566 2334 626 2398 est;
649 2347 708 2407 qua
729 2328 908 2404 Sophocles,
940 2329 964 2387 si
988 2327 1161 2400 antecessit,
1191 2330 1227 2386 ab
1251 2327 1393 2404 Euripide

214 2429 251 2486 de
273 2429 491 2488 verisimilitcte
513 2435 669 2506 superatus
691 2438 745 2490 est.
797 2433 874 2489 Nam
904 2452 970 2490 cum
993 2430 1074 2490 illius
1097 2431 1217 2490 Orestes
1239 2432 1333 2508 patris
1354 2431 1393 2490 si-

213 2529 318 2604 gillum
342 2531 458 2606 signum
482 2532 553 2590 sctis
575 2533 730 2606 incertum,
754 2535 865 2612 quippe
887 2535 966 2614 quod
989 2533 1101 2606 amitti,
1123 2535 1160 2592 ab
1182 2531 1241 2592 alio
1264 2533 1393 2592 inveniri

212 2633 264 2692 vel
287 2634 379 2708 deripi
402 2635 509 2709 potuit,
530 2635 595 2710 ipse
617 2636 815 2710 demonstrat,
847 2623 925 2712 apud
950 2636 1123 2712 Euripidem
1152 2655 1207 2711 per
1237 2654 1393 2711 personum

212 2735 351 2807 tertiam,
374 2737 592 2811 paedagogum,
624 2739 789 2813 recognitio
812 2739 952 2812 efficitur,
987 2739 1037 2817 qui
1061 2738 1146 2812 signo
1169 2739 1301 2817 corporis
1323 2739 1344 2798 i.
1366 2757 1392 2798 e.

212 2856 303 2916 quam
335 2837 497 2896 certissimo
529 2840 652 2898 invento
684 2841 819 2900 Orestem
850 2860 914 2900 csse
943 2841 1036 2900 sorori
1066 2841 1232 2916 persuadet.
1293 2837 1393 2918 htque

212 2960 283 3000 cum
304 2940 468 3018 Sophoclea
489 2942 609 3000 Electra
629 2942 713 3016 signo
731 2943 847 3018 prolato
863 2943 959 3002 virum
975 2941 1163 3019 peregrinum
1185 2942 1270 2999 illum
1293 2943 1393 3000 stetim

211 3048 250 3102 ut
271 3043 391 3110 fratrem
414 3044 626 3120 complectatur
655 3050 745 3123 atque
768 3046 891 3119 salutet,
920 3045 1081 3120 Euripides
1101 3042 1235 3120 paullum
1257 3047 1394 3103 cunctata

211 3153 306 3224 atque
329 3146 428 3204 omnia
449 3145 534 3220 signa
556 3146 719 3222 paedagogi
750 3153 838 3206 antec
868 3165 986 3226 quoque
1008 3145 1098 3205 allata
1119 3144 1217 3204 animo
1241 3145 1395 3221 complexa

210 3255 280 3308 tum
303 3248 419 3305 demum
440 3247 538 3308 virum
559 3247 724 3327 alloquitur
744 3249 882 3321 fratrem,
914 3268 1000 3326 quem
1031 3268 1083 3307 cur
1114 3267 1173 3307 non
1204 3266 1259 3306 sua
1288 3251 1394 3322 sponte

211 3353 410 3422 recognoscat
432 3348 561 3422 Electra,
584 3356 665 3409 certa
687 3369 787 3423 causa,
818 3371 884 3410 cum
906 3352 986 3426 apud
1007 3350 1183 3426 Sophoclem
1203 3369 1265 3408 non
1287 3355 1394 3424 exstet,

211 3453 254 3510 ab
269 3450 412 3526 Euripide
426 3451 567 3525 efferum
590 3471 657 3510 uam
674 3453 808 3512 Electrae
824 3454 924 3512 verbis
942 3454 984 3530 (v.
997 3451 1071 3530 283)
1094 3447 1131 3511 οὐ
1154 3450 1258 3530 γνοίην
1281 3445 1317 3510 dv
1339 3447 1394 3520 εἰς·

211 3552 323 3613 coccea
353 3551 400 3610 νίν
436 3555 556 3614 Orestes
575 3556 749 3631 respondet:
779 3551 831 3614 νέα
860 3548 925 3633 γάρ,
957 3549 1047 3614 οὐδὲν
1075 3553 1180 3630 θαῦμ’,
1210 3545 1395 3628 ἀπεζεύχθης

211 3651 295 3714 νέου.

300 3759 520 3833 Recoguitione
542 3764 642 3820 autem
663 3761 812 3836 perfecta,
846 3781 911 3820 cum
934 3761 1012 3839 apud
1035 3758 1212 3835 Sophoclem
1242 3757 1314 3818 satis
1345 3758 1396 3816 diu

210 3862 303 3921 liberi
328 3861 557 3936 Agamemnonis
587 3859 793 3942 imprimisque
815 3863 932 3923 Electra
962 3862 1094 3922 laetitiae
1126 3880 1196 3920 suae
1227 3861 1395 3939 gaudioque

210 3965 419 4041 obsequantur
440 3963 556 4022 ratione
579 3985 640 4023 non
662 3963 825 4037 verisimili,
849 3985 925 4043 quac
948 3983 1044 4043 neque
1068 3962 1182 4022 Orestis
1205 3981 1302 4042 neque
1323 3980 1393 4037 pae-

210 4065 323 4139 dagogi
346 4066 603 4125 adhortationibus
625 4067 714 4141 plane
737 4074 909 4138 excusatur,
940 4067 1119 4142 Euripideus
1142 4065 1262 4124 Orestes
1284 4065 1341 4122 hac
1362 4083 1395 4122 re

208 4169 251 4226 ab
287 4167 373 4226 initio
404 4168 546 4243 impedita
575 4169 677 4228 statim
708 4171 745 4228 ad
775 4169 805 4226 id
834 4168 986 4243 negotium
1016 4167 1094 4243 adit,
1125 4168 1203 4259 qupd
1236 4184 1334 4224 rerum
1366 4170 1396 4225 et

210 4287 369 4332 scenarum
393 4269 542 4330 connexui
565 4271 750 4346 aptissimum
780 4275 859 4344 erat,
888 4270 950 4330 scil.
982 4270 1137 4330 consilium
1159 4249 1325 4328 accuratum
1348 4285 1395 4328 ca·
1471 4301 1474 4318 ι

1142 4367 1190 4436 3⁴5
