3238 4956
712 303 926 380 ..ομ

228 481 346 548 Electra
367 483 515 568 quondam
535 487 670 550 textam?
715 488 800 552 Quae
822 508 870 548 res
891 491 1017 548 caturae
1038 489 1189 548 humanae
1210 492 1298 565 aptae
1320 489 1406 546 crant

226 590 339 667 recepit
360 596 553 668 receptasque
567 591 618 652 ,ita
639 591 767 652 mutavit
789 597 820 651 at
833 591 972 663 correxit,
994 595 1028 650 ut
1049 611 1110 650 uon
1125 591 1223 650 micus
1245 611 1293 652 ars
1315 609 1404 669 quarn

228 693 431 754 verisimilitas
454 698 605 767 augeatur.
650 694 874 772 Chrysothemis
904 694 983 753 enim
1013 712 1152 753 aserere
1183 694 1306 754 incitata
1335 694 1405 765 duc,

227 796 328 869 cirros,
351 796 459 854 sororis
482 802 513 855 at
534 817 619 856 suum
641 797 745 872 ipsius,
767 797 938 872 depositura
959 796 992 854 in
1013 796 1127 856 tumulo
1150 796 1321 872 patriciam
1343 800 1404 856 ter-

226 898 299 958 tium
323 897 518 958 sacrificatum
542 898 649 975 aspicit
672 902 850 978 aspectoque
873 899 972 958 statim
994 899 1124 972 fratrem,
1147 917 1234 977 quem
1257 904 1291 956 ut
1311 899 1405 958 felici-

226 1009 273 1060 tcr
292 1001 395 1060 redeat
423 1000 457 1060 in
480 1001 606 1077 patriam
630 1001 683 1060 vix
711 1007 866 1077 precatura
888 1005 947 1072 eet,
978 1001 1080 1060 adesse
1108 1000 1284 1077 suspicatum
1315 1019 1406 1080 quare

226 1121 313 1181 quam
332 1101 548 1163 verisimillime
563 1103 639 1162 hanc
655 1121 771 1162 scenam
788 1104 979 1180 compositam
996 1121 1059 1162 esse
1076 1105 1285 1175 concedemus;
1307 1121 1405 1182 neque

227 1211 282 1278 est,
304 1224 357 1265 cur
371 1204 402 1277 ii,
426 1205 477 1282 qui
493 1223 510 1262 a
525 1211 608 1280 parte
622 1206 716 1265 altera
731 1211 819 1278 stant,
842 1225 901 1264 non
922 1210 1029 1280 putent
1043 1204 1218 1281 Sophoclem
1235 1225 1322 1283 quarn
1337 1223 1405 1263 cau-

223 1306 339 1366 tissimo
361 1305 490 1378 cavisse,
518 1325 557 1365 ne
578 1308 609 1366 in
632 1307 710 1366 idem
732 1308 838 1368 vitium
862 1308 964 1379 cadat,
988 1308 1066 1385 quod
1088 1307 1236 1386 Aeschylo
1259 1308 1296 1366 ab
1319 1306 1406 1364 llari-

227 1408 297 1485 pide
319 1408 479 1485 cpprobrio
501 1409 612 1470 factum
635 1409 692 1483 rit3
715 1411 871 1474 dummodo
894 1428 931 1468 ne
953 1409 1129 1484 Sophoclem
1145 1409 1286 1485 Euripide
1307 1417 1407 1486 poste·

168 1539 172 1544 ·
226 1511 336 1569 riorem
360 1529 423 1570 csse
447 1517 584 1587 oportere
607 1513 662 1572 hac
684 1511 750 1593 ipsa
772 1513 809 1570 de
830 1531 862 1571 re
887 1513 1084 1583 contendant,
1106 1513 1185 1590 quod
1207 1512 1406 1572 verisimilitu-

223 1613 262 1672 tis
285 1613 432 1672 rationem
455 1632 515 1672 non
539 1614 683 1673 minorem
713 1633 800 1693 quam
824 1614 896 1672 artis
918 1613 1064 1672 habuerit.
1108 1612 1204 1676 Quam
1226 1616 1403 1674 sententiam

222 1715 283 1773 ullo
308 1734 408 1774 carere
430 1716 623 1774 fundamento
646 1716 860 1794 unusquisque,
888 1716 938 1794 qui
961 1715 1116 1790 Sophoclis
1138 1720 1231 1774 artem
1252 1718 1404 1794 propriam

221 1823 311 1896 atque
333 1816 487 1892 ingenium
509 1818 581 1877 satis
604 1819 786 1892 cognoverit,
809 1819 964 1889 concedet,
987 1817 1128 1896 quoniam
1150 1818 1280 1892 singulas
1301 1837 1403 1894 perso

221 1937 324 1978 narum
341 1937 459 1978 suarum
475 1921 638 1980 sententias
660 1926 691 1981 et
705 1909 837 1980 actiones
852 1921 962 1996 optimc
982 1925 1105 1978 naturae
1119 1921 1267 1979 humanae
1289 1939 1403 1980 accom-

220 2021 366 2081 modando
397 2027 427 2081 et
458 2040 547 2099 quum
579 2024 733 2084 verissime
756 2022 943 2098 depingendo
965 2008 1142 2100 Sophoclem
1172 2023 1308 2082 floruisse
1330 2024 1403 2082 satis

220 2127 324 2181 notum
348 2128 403 2186 est.
447 2125 574 2184 Accedit
589 2126 668 2202 quod
682 2124 865 2202 Aeschylum
881 2131 950 2183 ante
965 2124 1122 2200 Sophoclis
1144 2125 1244 2184 oculos
1266 2125 1297 2183 in
1323 2144 1404 2182 com·

218 2227 356 2300 penando
377 2227 430 2286 illa
445 2245 533 2286 scena
546 2227 639 2286 luisse
655 2227 909 2298 similitudinibus,
933 2246 1008 2305 quae
1030 2227 1111 2286 inter
1127 2231 1287 2306 utrumque
1308 2227 1402 2285 inter·

220 2329 344 2402 cedunt,
376 2329 472 2388 elucet
501 2331 551 2404 (of.
575 2331 682 2390 nosch.
705 2331 775 2389 cho.
803 2350 835 2389 v.
862 2335 940 2388 183:
970 2325 1120 2404 ἐπαίσθην
1143 2335 1197 2390 etc.
1220 2350 1287 2388 cum
1309 2330 1400 2407 Soph.

221 2435 301 2490 902:
333 2426 452 2506 ἐμπαίει
474 2429 502 2488 τί
523 2451 590 2507 μοτ;
623 2435 733 2493 Aesch.
760 2437 835 2492 184:
868 2429 898 2502 ἐξ
928 2425 1070 2507 ὀμμάτων
1099 2452 1165 2490 cum
1195 2431 1286 2507 Soph.
1318 2436 1400 2490 906:

218 2533 294 2613 χαρᾷ
327 2527 359 2590 di
387 2531 533 2610 πίμπλημ’
565 2527 661 2604 sorde
696 2526 778 2612 ὄμμα
801 2527 954 2613 concion
986 2536 1095 2594 Acach.
1122 2538 1199 2593 192:
1230 2523 1306 2590 εἶναι
1336 2525 1399 2590 rc'd'

218 2628 368 2713 ἀγλάϊσμα
390 2656 441 2713 μον
464 2631 601 2714 Ὀρέστου
624 2632 689 2696 cunr
712 2637 804 2713 Soph.
828 2641 907 2696 908:
928 2630 970 2712 μή
992 2658 1046 2696 του
1068 2628 1130 2694 rc'd'
1152 2627 1299 2714 άγλάϊσμο
1320 2627 1400 2710 alric

217 2734 335 2808 κείνου;
358 2740 466 2798 Aesch.
491 2743 550 2796 199
575 2731 692 2816 άχαλμυ
714 2731 831 2815 τύμβου
854 2737 942 2797 τοῦδε
965 2745 995 2798 et
1017 2741 1106 2816 Soph.
1131 2744 1209 2797 915:
1232 2738 1325 2796 ταῦτα
1347 2729 1398 2796 τά·

216 2830 386 2917 ττττάμβτο).

208 2954 212 2962 “
301 2943 407 3024 Neque
437 2943 535 3003 minus
565 2944 679 3006 incerta
709 2951 755 3005 est
784 2946 932 3006 sententia
964 2946 1105 3017 aliorum,
1136 2944 1187 3025 qui
1216 2944 1397 3019 Euripidem,

216 3046 295 3124 quod
316 3045 501 3122 Aeschylum
522 3045 662 3120 irrideat,
687 3047 863 3124 Sophoclem
886 3067 925 3107 ne
947 3049 1087 3124 respiciat
1109 3047 1245 3126 quidem,
1268 3045 1397 3122 priorem

215 3167 279 3207 esse
310 3152 426 3222 putant.
478 3149 555 3207 Nam
586 3149 771 3208 narrationes
803 3150 1058 3228 Chrysothemidis
1088 3149 1129 3226 (S.
1154 3149 1334 3225 892-919)
1365 3149 1397 3204 ct

214 3249 380 3324 paedagogi
417 3251 464 3325 (Il.
491 3253 670 3326 508-523)
701 3250 734 3309 in
764 3252 937 3313 universum
967 3253 1039 3312 sotis
1069 3251 1179 3312 similes
1211 3269 1273 3310 esse
1302 3248 1397 3308 mani·

214 3350 323 3411 festum
347 3355 392 3411 cst
411 3351 465 3424 ita,
487 3357 521 3411 ut
536 3371 612 3424 cum,
636 3353 687 3431 qui
703 3359 821 3414 secutus
843 3355 891 3428 sit,
913 3355 1037 3414 alterum
1053 3354 1201 3414 imitatum
1220 3371 1284 3411 esse
1300 3352 1394 3428 suspi-

213 3453 289 3514 ceris
317 3453 367 3533 (cf.
391 3455 420 3514 S.
444 3459 522 3514 893:
554 3450 616 3512 ἐπεὶ
648 3447 704 3534 γάρ
727 3442 825 3532 ἦλθον
846 3450 960 3535 πατρὸς
983 3502 990 3516 .
1014 3503 1022 3518 .
1044 3451 1143 3532 τάφον
1166 3477 1231 3516 cum
1253 3455 1288 3515 E.
1313 3459 1393 3514 509:

212 3545 311 3630 ἦλθον
340 3550 396 3636 γάρ
420 3551 514 3614 αὐτοῦ
536 3550 612 3634 secde
633 3549 750 3631 τάφον,
782 3559 830 3619 val
862 3559 890 3618 S.
924 3565 983 3617 899
1008 3579 1072 3640 sq.:
1104 3549 1145 3628 σάς
1173 3556 1199 3615 δ’
1228 3553 1260 3616 ἐν
1283 3549 1394 3640 γαλήνη

212 3651 297 3717 πάντ’
319 3653 482 3738 ἐδερκόμην
503 3652 607 3734 τάττον,
630 3654 746 3736 τύμβου
769 3663 950 3739 προςεῑρττον
973 3649 1065 3721 άσσον
1087 3683 1152 3722 cum
1175 3663 1209 3722 E.
1233 3664 1312 3719 510:
1342 3655 1394 3718 acl

211 3755 387 3837 προςττεσολν
410 3755 533 3840 ἐρημίας
555 3757 658 3838 τυχών,
681 3763 709 3822 S.
730 3769 790 3822 900
814 3785 876 3844 sq.:
899 3758 1021 3842 ἐσχάτης
1044 3763 1070 3822 d'
1092 3757 1156 3842 o‘poi
1178 3764 1275 3841 πυράς
1296 3755 1393 3841 νεώρη

211 3855 375 3940 βόστρυχον
398 3861 577 3940 τετμημένον
599 3885 666 3924 cum
689 3867 722 3925 E.
741 3871 801 3926 513
823 3861 888 3946 sq.:
912 3865 1058 3944 πυράς·ὅ’
1083 3853 1130 3925 ἐπ”
1151 3859 1246 3940 αὐτῆς
1269 3909 1298 3922 ..
1322 3860 1393 3934 iesi-

211 3963 263 4023 dov
286 4009 292 4022 .
317 4013 323 4028 .
346 3959 529 4042 βοστρύχους
551 3964 767 4046 κεκορμένους;
801 3969 830 4028 S.
855 3973 933 4029 915:
966 3964 1027 4027 ἄλλ’
1050 3966 1106 4027 ἔστ’
1131 3963 1269 4047 Ὀρέστου
1298 3968 1394 4024 ταῦτα

209 4058 394 4143 τάπιτάμβιν
417 4087 483 4126 cum
506 4070 540 4128 E.
558 4075 637 4129 518:
662 4061 721 4127 άλλ’
743 4057 811 4145 ἦλθ’
834 4068 906 4140 ἴσως
927 4091 987 4130 που
1009 4063 1062 4140 σάς
1084 4069 1281 4149 κασίγνητος).
1325 4070 1395 4130 Sin·
1457 4099 1461 4108 ¹

209 4171 292 4244 gulas
315 4176 413 4229 autem
436 4188 484 4228 ras
499 4172 663 4232 accuratius
679 4192 852 4248 comparans
868 4172 967 4233 nescio
990 4193 1026 4232 an
1050 4175 1086 4232 ad
1108 4173 1189 4233 illam
1213 4174 1392 4234 sententiam

209 4273 377 4345 adducaris,
409 4292 468 4352 qua
491 4274 648 4348 Euripides
671 4276 847 4350 Sophoclem
871 4296 932 4335 non
955 4277 1049 4335 solum
1072 4276 1193 4351 imitari,
1226 4277 1277 4334 scd
1300 4277 1395 4338 etiarn
