3238 4956
754 244 967 328 Agl..

356 430 414 494 Sed
436 436 608 514 priusquam
630 455 693 494 rem
716 439 848 493 nostram
868 435 1080 512 relinquamus,
1103 435 1191 507 viam,
1215 455 1302 514 quam
1325 431 1454 508 ingressi

271 559 379 614 sumus,
407 539 509 615 paucis
532 537 733 614 respiciamus.

357 644 458 719 Atque
489 641 519 698 in
543 640 642 716 priore
665 639 785 718 quidem
809 640 994 698 tractationis
1017 647 1101 715 parte
1124 641 1264 698 universa
1286 642 1453 698 dramatum

271 743 395 802 consilia
415 743 605 821 rationesque
627 743 832 818 ¹componendi
855 742 1007 818 Euripidis
1038 749 1068 800 et
1088 743 1245 818 Sophoclis
1277 742 1333 800 sibi
1365 743 1453 817 pleae

271 845 409 920 opposita
430 865 462 904 ac
486 845 633 904 contraria
656 863 719 904 esso
743 845 858 902 elucere
880 845 1026 920 imprimis
1055 865 1071 902 e
1094 844 1152 903 fine
1175 845 1341 903 fabularum
1363 844 1453 921 atque

272 967 310 1006 ex
332 947 463 1007 moribus
486 967 680 1023 personarum
696 947 851 1018 universis,
876 948 977 1024 quales
1000 950 1036 1004 ab
1060 953 1185 1024 utroque
1209 947 1350 1022 descripti
1373 953 1453 1019 sunt,

271 1049 556 1120 demonstravimus;
587 1049 695 1128 quibus
725 1049 757 1106 iu
788 1047 863 1126 ipsis
885 1023 1094 1108 describendis
1111 1054 1208 1107 tantas
1231 1026 1452 1122 similitudines,

271 1157 331 1211 tam
353 1152 460 1210 multos
482 1172 529 1211 res
552 1154 668 1210 easdem
691 1153 728 1210 ab
752 1159 879 1231 utroque
902 1150 1039 1229 quamvis
1065 1171 1159 1226 saepe¹
1175 1172 1314 1227 perversa
1335 1150 1452 1224 ratione

271 1253 419 1312 adhibitas
448 1287 489 1296 —
522 1275 596 1332 quae
619 1256 699 1332 opud
721 1254 899 1329 Aeschylum
931 1253 1065 1330 aliosque
1096 1256 1226 1313 nondum
1260 1260 1378 1312 exstant
1411 1289 1449 1296 -

271 1355 450 1428 invenimus,
472 1362 506 1416 ut
527 1357 563 1429 is,
587 1356 639 1434 qui
661 1355 811 1432 posterior
833 1355 881 1427 sit,
904 1355 1028 1413 alterurn
1047 1362 1169 1414 secutus
1192 1362 1270 1414 certo
1294 1376 1358 1413 cum
1382 1375 1452 1415 con-

271 1457 337 1516 silio
360 1457 491 1533 singulas
514 1478 560 1516 res
582 1458 752 1517 adhibuisse
776 1457 904 1536 quidem,
927 1459 978 1514 sed
1001 1457 1034 1514 in
1057 1458 1237 1517 contrarium
1260 1458 1450 1532 pervertisse,

270 1559 441 1618 universam
474 1581 556 1619 suam
578 1561 706 1619 fabulam
739 1559 950 1618 cumconsilio
980 1559 1067 1617 alteri
1090 1560 1264 1634 opposuisse
1297 1559 1452 1619 habendus

273 1681 336 1720 esse
359 1663 445 1720 nobis
467 1664 629 1723 videretur.

354 1766 391 1823 In
415 1766 508 1823 altera
529 1785 599 1824 vero
622 1769 706 1843 parte
729 1764 766 1822 ad
790 1762 920 1837 singulas
943 1783 1044 1821 scenas
1077 1797 1115 1806 -
1151 1764 1296 1840 imprimis
1320 1783 1382 1836 eas,
1414 1766 1451 1821 de

273 1867 379 1946 quibus
401 1869 561 1944 Sophocles
595 1878 624 1925 et
653 1866 813 1942 Euripides
844 1867 1034 1939 conveniunt,
1065 1869 1101 1924 ab
1124 1867 1272 1942 Aeschylo
1296 1866 1453 1926 discedunt

271 1970 528 2048 —inquirendas
553 1976 739 2030 transeuntes
771 1971 807 2028 ab
829 1968 1038 2028 incertioribus
1060 1972 1148 2028 rebus
1171 1969 1390 2028 celerioribus
1414 1972 1452 2028 ad

270 2071 423 2146 graviores
445 2083 475 2131 et
497 2073 637 2132 certiores
660 2073 898 2143 ascendebamus,
920 2071 1011 2150 idque
1034 2072 1084 2143 ita,
1107 2078 1141 2128 ut
1162 2071 1194 2128 in
1217 2072 1312 2130 scenis
1330 2071 1451 2147 Euripi-

271 2174 334 2231 deis
356 2174 589 2247 recognitionem
606 2173 828 2232 continentibus
851 2178 882 2232 et
897 2173 1149 2244 antecedentibus,
1172 2194 1189 2230 a
1211 2174 1332 2249 prologo
1356 2193 1451 2250 usquo

269 2278 304 2334 ad
328 2276 561 2350 recognitionem
583 2278 753 2354 perfectam,
784 2276 816 2334 id
846 2282 891 2335 est
920 2276 1074 2351 inpriore
1105 2275 1221 2334 fabulae
1244 2281 1345 2350 parte,
1377 2276 1451 2334 satis

271 2379 376 2436 multas
398 2379 609 2437 similitudines
632 2377 823 2456 singulasque
844 2398 892 2437 res
914 2378 1177 2454 investigaremus,
1201 2379 1308 2456 quibus
1332 2379 1453 2453 Euripi·

272 2482 322 2538 des
344 2481 519 2556 Sophoclem
542 2481 699 2557 respicere,
722 2481 878 2556 corrigere,
900 2501 1040 2556 superare
1063 2479 1236 2551 videbatur,
1259 2482 1337 2538 hunc
1359 2480 1454 2554 igitur

270 2583 461 2642 antecessisse
490 2583 686 2644 verisimilius
720 2588 782 2641 erat
805 2603 893 2661 quam
915 2582 1104 2665 Euripidem,
1141 2582 1276 2660 quamvis
1309 2582 1355 2639 his
1377 2581 1454 2656 ipsis

270 2687 358 2742 rebus
382 2687 583 2763 quaestionem
606 2687 737 2744 nondum
759 2684 914 2743 diiudicari
939 2685 1181 2755 concederemus;
1210 2684 1242 2741 id
1271 2687 1347 2762 quod
1372 2684 1454 2742 effici

273 2786 359 2846 uobis
383 2787 540 2846 videbatur
563 2787 659 2846 scenis
682 2789 798 2844 demum
823 2785 1058 2860 recognitionem
1082 2787 1285 2864 sequentibus,
1309 2806 1384 2863 quae
1408 2786 1452 2843 ul·

270 2891 381 2948 tionem
413 2891 507 2966 ipsam
540 2890 577 2947 de
601 2890 744 2964 Aegistho
765 2895 804 2956 ,et
827 2889 1021 2966 Clytemestra
1043 2891 1216 2947 sumendam
1251 2895 1280 2947 et
1303 2893 1453 2962 sumptam

272 2993 434 3065 continent,
456 2992 661 3070 imprimisque
684 2991 795 3064 scenis,
827 2991 935 3070 quibus
958 2991 1153 3068 Clytemestra
1182 2999 1212 3049 et
1232 2991 1351 3049 Electra
1372 2990 1454 3048 inter

271 3115 302 3152 se
325 3100 528 3153 concertantes
558 3099 589 3152 et
617 3094 739 3152 nuntius
768 3093 821 3152 ille
845 3093 958 3152 Orestis
988 3095 1067 3152 facta
1096 3095 1227 3153 referens
1258 3093 1452 3152 inducuntur.

262 3195 386 3260 cuibus
417 3197 531 3255 collatis
563 3196 716 3272 Sophoclis
745 3216 847 3254 scenas
874 3195 1048 3271 Euripidem
1081 3215 1167 3274 quam
1195 3195 1381 3271 potissimum
1403 3215 1453 3252 su-

272 3301 417 3375 perandas
449 3299 539 3377 atque
566 3299 732 3357 irridendus
762 3297 819 3355 sibi
848 3296 1037 3375 proposuisse
1060 3317 1232 3372 persuasum
1254 3300 1451 3368 habebamus;

272 3421 347 3479 quae
370 3401 519 3460 sententia
548 3402 573 3460 si
595 3404 675 3458 recta
698 3404 743 3458 est
774 3404 804 3457 et
825 3406 905 3458 recte
928 3402 1132 3475 comprobata,
1163 3420 1264 3460 omnes
1286 3400 1356 3458 illae
1378 3398 1452 3456 allu-

271 3505 370 3562 siones
399 3509 430 3562 et
452 3503 686 3579 vituperationes
717 3501 799 3576 ipsae
831 3502 924 3576 magis
952 3502 1002 3559 vel
1024 3503 1120 3560 miuus
1143 3503 1275 3562 incertae
1306 3522 1338 3560 ac
1361 3502 1453 3574 leves,

273 3627 345 3685 quas
368 3607 399 3664 in
422 3607 520 3685 priore
543 3604 695 3680 Euripidis
725 3604 841 3663 fabulae
864 3611 948 3679 parte
982 3608 1013 3663 et
1038 3604 1072 3665 in
1095 3625 1274 3683 unaquaque
1296 3625 1452 3663 scenarum

270 3710 386 3768 illarum
416 3709 512 3768 inesse
542 3729 627 3784 posse
650 3709 701 3769 vel
722 3706 885 3766 verisimile
918 3726 980 3765 esse
1003 3710 1191 3783 putabamus,
1223 3727 1301 3765 nuuc
1331 3706 1453 3784 quidem

272 3831 324 3886 pre
348 3811 438 3870 certis
452 3813 613 3871 habendae
636 3815 725 3882 sunt;
748 3814 837 3887 atque
860 3829 946 3881 eum,
969 3809 1020 3888 qui
1042 3810 1189 3885 posterior
1212 3809 1259 3881 sit,
1283 3809 1453 3867 universam

271 3933 352 3971 suam
375 3915 505 3972 fabulam
527 3913 620 3990 priori
651 3933 717 3971 cum
748 3911 871 3972 consilio
903 3913 1076 3988 opposuisse
1109 3913 1140 3971 in
1163 3913 1263 3988 priore
1286 3916 1370 3986 parte
1393 3911 1454 3968 dis-

271 4015 435 4092 putationis
458 4014 593 4089 cognito,
628 4015 801 4092 Euripidem
824 4035 894 4074 vero
918 4015 1111 4090 posteriorem
1144 4034 1208 4072 esse
1232 4014 1370 4091 quoniam
1393 4012 1454 4072 iam

271 4122 404 4190 constat,
435 4115 483 4175 hic
506 4121 568 4175 tota
598 4137 651 4176 sua
673 4116 773 4176 fabula
804 4136 863 4175 non
885 4117 983 4176 minus
1006 4137 1093 4195 quam
1116 4115 1243 4191 singulis
1265 4115 1361 4174 scenis
1383 4135 1455 4176 ver·

251 4219 376 4305 bisque
398 4224 478 4279 certo
502 4238 567 4278 cum
591 4219 714 4278 consilio
738 4225 840 4280 contra
865 4220 1039 4297 Sophoclem
1071 4224 1183 4295 pugnat
1214 4238 1341 4298 eumque
1363 4237 1454 4296 supe·
