3238 4956
734 257 947 336 ..10-

253 455 327 511 mus,
349 434 374 497 si
396 436 429 497 in
451 436 551 515 priore
579 438 789 517 disputationis
817 442 903 517 parte
929 443 1089 518 utromque
1117 435 1335 514 cognoscimus,
1364 457 1430 499 enm

255 541 362 620 quihus
383 540 415 599 in
438 542 525 601 rebus
547 540 673 617 singulis
695 542 877 620 Aeschylum
899 545 1017 604 secutus
1039 540 1096 616 sit,
1124 547 1187 602 tum
1219 540 1293 622 qnid
1321 539 1431 600 utrius·

255 663 314 724 que
336 643 492 702 consilium
513 642 546 702 in
568 644 670 705 tabula
690 664 744 706 sna
765 646 968 722 componenda
982 644 1154 706 universum
1170 643 1263 705 fnisse
1279 643 1431 713 videatur;

252 747 286 805 in
308 747 401 806 altera
422 750 519 806 autem
541 751 643 828 parto,
671 751 771 808 utrum
800 768 853 808 eae
882 768 938 822 res,
967 768 1041 828 quas
1074 752 1200 828 utesque
1229 747 1336 821 hahet,
1366 765 1431 805 eum

254 848 422 926 Aeschylus
443 868 503 909 non
526 851 681 926 praebeat,
711 869 750 909 ex
771 849 928 931 utriusque
958 850 1083 912 consilio
1103 849 1245 912 universo
1275 855 1364 929 atque
1385 849 1432 908 in-

254 952 342 1029 genio
364 955 486 1012 exortae
508 951 570 1011 sint
592 952 641 1011 vel
661 952 830 1029 videantur,
852 973 956 1019 neone.

340 1056 397 1116 Sed
420 1054 592 1134 priusquam
623 1056 745 1116 adrem
767 1055 862 1134 ipsam
884 1058 1038 1131 adeamus,
1068 1055 1172 1134 paucis
1194 1056 1432 1131 Ohoephororum

255 1163 462 1235 argumentum
483 1158 673 1235 praemittere
702 1159 777 1220 mihi
798 1158 903 1238 liceat,
936 1160 1047 1241 quippe
1076 1161 1114 1220 od
1136 1160 1216 1239 quod
1238 1177 1325 1235 saepe
1347 1155 1433 1219 nobis

186 1241 191 1252 ἱ
254 1263 464 1325 recurrendum
487 1261 551 1327 erit.

341 1367 380 1426 In
396 1364 538 1445 Aeschyli
552 1365 737 1443 Ohoephoria
753 1365 874 1429 Orestes
897 1371 928 1426 et
942 1365 1069 1444 Pylades
1090 1365 1122 1425 in
1145 1384 1263 1426 scenam
1278 1365 1434 1441 prodeunt,

257 1490 382 1550 quorum
403 1468 457 1528 ille
478 1473 559 1529 certo
591 1469 805 1530 cumconsilio
829 1468 1005 1544 Aegisthum
1036 1474 1067 1530 et
1088 1472 1211 1528 matrem
1234 1465 1434 1527 interficiendi

258 1572 290 1632 in
312 1570 439 1650 patriam
461 1590 599 1634 reversus
622 1571 731 1633 cirrum
754 1571 787 1633 in
809 1573 923 1633 tumulo
945 1569 1092 1632 sacrificat
1113 1572 1244 1650 deosque
1276 1575 1371 1630 terrae
1400 1575 1435 1631 ut

256 1697 288 1736 se
311 1674 455 1735 adiuvent
475 1672 623 1751 implorat.
677 1673 743 1737 Ouo
775 1675 854 1736 facto
885 1695 951 1735 oum
973 1674 1112 1735 mulieres
1142 1694 1182 1735 ex
1203 1671 1434 1749 Agamemnonis

256 1777 379 1838 aedibus
393 1777 585 1838 advenientes
601 1777 730 1852 videant,
753 1778 786 1837 in
807 1778 855 1837 his
871 1779 1020 1838 Electram
1035 1778 1277 1857 appropinquare
1292 1774 1434 1854 suspicati

258 1900 289 1940 se
311 1879 461 1956 recipiunt
483 1884 514 1940 et
534 1883 626 1944 verba
648 1880 731 1942 chori
746 1881 943 1961 Electraeque
964 1880 1104 1955 audiunt,
1128 1900 1219 1960 quare
1241 1881 1283 1955 fit,
1306 1883 1340 1940 ut
1361 1881 1435 1940 Ore·

257 1990 316 2044 stes
338 1981 438 2043 statim
459 1983 538 2044 hanc
559 2003 591 2043 re
612 2002 686 2044 vera
707 2003 837 2047 sororem
869 2003 933 2044 esee
956 1988 1122 2059 cognoscet.
1166 1983 1281 2044 Ohorus
1309 1981 1387 2046 eninr
1418 2002 1436 2041 a

257 2087 469 2163 Clytemestra,
497 2105 573 2164 quoe
602 2087 717 2148 somnio
740 2088 868 2168 quodam
896 2086 1061 2167 periculum
1091 2086 1304 2164 pronuntiante
1336 2085 1437 2162 exagi-

257 2193 319 2250 tata
341 2188 389 2260 eit,
410 2207 442 2248 se
464 2207 525 2248 una
546 2206 612 2248 cnm
627 2189 745 2251 Electra
766 2190 886 2250 missum
910 2209 974 2250 esse
995 2191 1097 2262 refert,
1118 2195 1154 2250 ut
1169 2187 1314 2250 sacrificio
1337 2207 1437 2248 manes

259 2290 489 2369 Agamemnonis
510 2290 680 2367 placerent,
711 2291 819 2353 deinde
849 2295 969 2354 fortuna
999 2292 1117 2369 generis
1139 2291 1313 2353 Atridarum
1335 2291 1437 2367 deplo-

258 2399 323 2455 roto
345 2393 463 2454 Electra
485 2394 631 2473 quomodo
653 2393 756 2455 matris
778 2397 949 2457 mandatum
974 2395 1085 2457 efficiat
1097 2394 1286 2471 interrogans
1308 2414 1326 2453 a
1347 2394 1436 2454 choro

259 2504 293 2559 ut
314 2495 462 2559 contrario
484 2517 573 2557 sensu
605 2497 752 2558 sacrificet
775 2497 926 2560 incitatur.
978 2497 1162 2578 Obsequitur
1183 2497 1301 2558 Electra
1322 2499 1438 2556 Merou-

258 2601 336 2661 rium
358 2602 492 2674 adorans,
513 2605 549 2660 ut
571 2600 706 2661 Orestem
727 2602 868 2675 reducat,
893 2621 925 2660 se
947 2601 1086 2674 adiuvet,
1114 2601 1210 2677 putris
1230 2601 1439 2662 interfectores

259 2702 375 2782 puniat.
417 2701 567 2763 Sacrificio
582 2707 683 2763 autem
701 2703 833 2780 perlecto
856 2702 965 2764 cirrum
987 2702 1074 2764 illum
1096 2705 1132 2763 ab
1149 2703 1253 2764 Oreste
1268 2701 1439 2781 depositum

258 2807 427 2884 pedumque
449 2803 577 2879 vestigia
597 2804 744 2883 aspiciens
773 2808 852 2866 huno
880 2805 977 2884 ipsum
1007 2807 1109 2866 adesse
1137 2805 1192 2870 vix
1213 2805 1362 2882 suspicata
1383 2809 1439 2879 est,

259 2930 326 2970 cum
349 2907 469 2968 Orestes
490 2906 555 2984 ipse
581 2927 598 2967 e
619 2907 742 2969 latebris
763 2909 828 2971 exit
848 2907 1002 2988 variisque
1023 2908 1118 2985 signis
1140 2907 1275 2982 ostentis,
1299 2906 1377 2967 cirro
1399 2906 1439 2966 de

259 3010 357 3089 eapite
379 3030 432 3072 suo
454 3012 590 3084 desecto,
613 3011 749 3089 vestigiis
770 3012 879 3090 pedum
901 3011 963 3072 suis
985 3011 1112 3091 pedibus
1133 3010 1229 3088 sptis,
1259 3007 1439 3071 vestimento

171 3123 172 3126 ’
234 3191 238 3200 ¹
261 3115 408 3194 quondam
430 3114 467 3171 ab
491 3113 609 3172 Electra
630 3118 723 3186 texte,
745 3119 780 3174 ut
802 3118 979 3190 agnoscatur
1001 3113 1102 3175 efficit.
1146 3115 1209 3174 Iam
1232 3132 1346 3174 summo
1368 3131 1440 3188 gau·

260 3216 309 3276 dio
331 3213 446 3276 affectis
469 3215 589 3276 Orestes
611 3234 643 3275 se
664 3216 701 3275 ab
723 3215 864 3292 Apolline
886 3215 999 3276 iussum
1021 3236 1085 3276 esse
1107 3219 1224 3293 patrem
1245 3214 1349 3276 ulcisci
1370 3233 1439 3274 nar-

260 3324 307 3380 rat
321 3316 504 3394 gravissimis
518 3316 632 3396 poenis,
655 3316 680 3376 si
695 3337 756 3378 non
771 3318 889 3393 faceret,
904 3317 1151 3394 imminentibus,
1173 3317 1281 3380 duodo
1302 3317 1440 3378 manibus

260 3419 493 3498 Agamemnonis
515 3419 644 3480 adoratis
667 3420 787 3480 Orestes
816 3421 931 3483 somnio
959 3420 1014 3482 illo
1039 3423 1252 3500 Clytemestrae
1274 3418 1441 3480 accuratius

260 3529 380 3587 narrato
403 3522 526 3583 eudocia
558 3528 648 3602 atque
670 3521 769 3584 animo
791 3523 934 3604 impletur
963 3532 993 3586 ct
1014 3524 1171 3586 consilium
1192 3521 1332 3584 facinoris
1353 3541 1440 3582 suum

262 3629 407 3707 explicat:
430 3625 549 3687 Electra
569 3625 602 3686 in
625 3627 743 3687 domum
764 3624 848 3686 ineat
868 3627 909 3705 (v.
927 3632 997 3701 552,
1020 3630 1065 3688 ed.
1081 3624 1261 3704 Wecklein),
1282 3629 1317 3685 ut-
1337 3643 1386 3684 res
1406 3622 1440 3682 in

264 3731 386 3792 aedibus
409 3733 548 3791 observet
569 3729 612 3810 (v.
636 3727 729 3807 577);
750 3727 833 3807 ipsos
855 3733 953 3791 autem
976 3751 1029 3808 per
1051 3729 1170 3805 dolum,
1191 3731 1226 3788 ut
1246 3727 1356 3806 Apollo
1377 3726 1441 3786 ius·

261 3835 357 3906 sisset,
380 3833 499 3892 caedem
515 3833 697 3909 perfecturos
712 3849 786 3905 esse,
808 3831 861 3895 uhi
875 3832 1050 3910 peregrinos
1072 3852 1104 3892 se
1126 3850 1190 3893 esse
1214 3829 1385 3890 simulantes
1406 3826 1441 3887 in

261 3938 349 3998 aedes
370 3934 499 4011 ingressi
520 3934 698 4010 Aegisthum
720 3933 936 4013 adspexissent.
986 3937 1059 3996 Post
1088 3933 1173 3995 chori
1201 3936 1321 3993 cantum
1343 3935 1442 3991 autem

262 4039 368 4099 Oreste
390 4041 489 4115 portae
511 4036 648 4114 pulsante
670 4037 904 4115 Clytemestrae
926 4037 1014 4097 domo
1036 4035 1108 4111 exit,
1130 4034 1180 4096 cui
1200 4034 1253 4096 ille
1274 4053 1306 4094 se
1327 4033 1444 4094 adtro-

261 4142 391 4220 phio-
418 4139 469 4220 qui
491 4139 722 4216 Agamemnonis
744 4139 855 4201 amicus
885 4137 945 4200 fuit
969 4173 1003 4184 —
1029 4137 1190 4217 impulsum
1220 4155 1284 4198 esse
1312 4138 1442 4210 enarrat,

262 4247 297 4312 ut
317 4246 443 4310 mortam
465 4240 580 4310 Orestis
602 4244 763 4324 nuntiaret,
786 4246 817 4310 et
838 4247 938 4304 utrum
959 4260 1029 4320 vas,
1059 4261 1117 4326 quo
1139 4238 1250 4305 mortui
1272 4238 1349 4302 cinis
1369 4255 1443 4300 cou-
