3238 4956
680 361 893 430 ..53...

195 535 288 597 fuisse
310 558 471 614 ponemus;
507 545 596 620 atque
627 540 755 616 primum
790 539 909 618 quidem
933 543 1133 620 quaerendum
1157 545 1218 614 est‘,
1250 562 1318 601 num
1341 561 1379 602 ex

195 641 366 702 oeconomia
387 641 528 701 dramatis
551 642 693 702 universa
723 662 797 718 opus
828 642 920 702 fuerit
949 645 1006 703 hac
1029 663 1130 716 seena;
1165 645 1196 704 id
1225 647 1304 723 quod
1335 644 1378 703 ita

195 763 282 818 nego,
304 748 338 802 ut
360 763 397 802 ne
419 743 485 802 ficri
505 736 638 820 ¹petuisse
662 744 782 823 quidem
806 747 993 818 contendam,
1016 752 1050 805 ut
1073 747 1232 823 Euripides
1254 746 1378 806 consilio

195 845 337 905 universo
368 847 404 904 ad
434 847 512 905 hanc
543 867 660 906 scenam
692 848 880 907 inserendam
912 849 1124 922 adduceretur3
1156 870 1222 907 nam
1252 853 1379 908 matrem

196 969 286 1027 quam
308 948 449 1024 optimam
472 949 675 1010 demonstrare
697 948 800 1008 debuit
822 953 910 1030 atque
941 947 972 1008 id
995 941 1180 1026 potissimum
1213 933 1311 1026 agere,
1345 957 1377 1008 ut

196 1050 306 1111 scelera
329 1051 438 1123 matris,
467 1051 574 1130 quibus
598 1053 678 1110 nullo
702 1052 787 1110 modo
811 1052 898 1127 plane
921 1053 1042 1129 purgari
1066 1053 1173 1128 potuit,
1196 1052 1228 1110 iu
1252 1051 1378 1111 oblivio-

197 1174 274 1227 nem,
298 1157 439 1232 quantum
463 1154 528 1212 fieri
550 1159 668 1232 posset,
692 1154 926 1226 adducerentur;
956 1153 1047 1235 idque
1072 1155 1229 1231 Euripides
1252 1175 1283 1212 ra
1306 1174 1378 1214 vera

197 1258 259 1316 fere
281 1261 431 1316 assecutus
454 1260 499 1315 est
522 1254 571 1332 (cf.
594 1278 622 1333 p.
648 1257 700 1333 23)
728 1255 844 1316 ratione
867 1276 937 1330 sua,
967 1277 1025 1335 que
1047 1256 1259 1335 Clytemestrae
1282 1277 1378 1316 mores

197 1363 227 1417 et
249 1379 295 1417 res
318 1364 385 1435 post
407 1359 638 1434 Agamemnonis
654 1364 776 1418 mortem
796 1363 893 1434 gestas
917 1358 1074 1432 describat,
1099 1380 1157 1438 qua
1179 1361 1294 1438 culpam
1317 1379 1380 1418 sce·
1406 1429 1408 1431 ¹

195 1461 290 1520 lerum
313 1466 403 1540 atque
425 1459 602 1521 iniuriarum
625 1466 692 1539 post
715 1463 833 1521 caedem
861 1461 943 1519 illam
966 1462 1111 1521 factarum
1142 1462 1174 1520 in
1197 1462 1376 1537 Aegisthum

195 1565 356 1622 transferat
392 1563 514 1643 eiusque
555 1583 650 1624 mores
683 1563 909 1642 superbissimos
945 1568 975 1623 et
1005 1563 1237 1625 violentissimos
1275 1564 1376 1638 fingat.

196 1665 279 1728 Quae
303 1687 369 1725 cum
390 1666 433 1724 ita
456 1665 525 1739 sint,
548 1667 701 1742 putatisne
723 1664 841 1726 consilii
859 1665 994 1727 universi
1017 1685 1105 1726 causa
1120 1667 1293 1743 Euripidem
1316 1686 1377 1725 sce·

172 1780 265 1826 'nam
295 1769 440 1847 quandam
474 1769 574 1845 paullo
605 1775 673 1828 ante
705 1768 801 1826 caedis
831 1767 926 1844 ipsius
956 1788 1072 1827 scenam
1103 1769 1279 1843 inseruisse,
1320 1789 1378 1846 qua

195 1870 295 1929 omnia
316 1871 427 1930 scelera
449 1872 662 1950 Clytemestrae
682 1871 714 1931 in
737 1869 907 1929 memoriam
930 1872 1152 1944 reducerentur,
1174 1871 1281 1950 quibus
1304 1871 1377 1929 libe-

194 1972 255 2030 rari
278 1993 337 2032 non
360 1972 479 2050 potuit?
523 1972 584 2034 Vix
606 1973 761 2053 quisquam
784 1974 843 2032 hoc
865 1974 1033 2034 contendet.

281 2079 324 2134 At
352 2077 478 2136 fortasse
507 2095 561 2154 per
591 2095 743 2135 scenarum
775 2079 804 2134 et
834 2074 985 2134 actionum
1015 2079 1179 2135 ceterarum
1211 2094 1377 2134 connexum

193 2179 338 2237 adductus
361 2182 450 2255 poeta
471 2180 549 2237 hauc
571 2198 688 2238 scenam
705 2177 851 2251 inseruit;
874 2179 926 2236 sed
948 2177 1075 2236 videatis
1101 2189 1285 2236 connexum:
1309 2198 1377 2236 con-

195 2279 297 2339 silium
320 2281 456 2340 Electrae
480 2285 510 2339 et
533 2280 648 2341 Orestis
679 2285 725 2340 est
746 2285 870 2341 matrem
893 2299 946 2357 per
968 2279 1069 2338 dolum
1093 2279 1261 2338 arcessendi
1283 2299 1378 2339 arces-

194 2383 341 2460 sitamque
372 2382 591 2457 interficiendi;
621 2402 712 2462 quare
735 2402 826 2442 senex
857 2382 890 2440 in
920 2383 1022 2442 urbem
1054 2381 1200 2456 mittitur,
1234 2387 1268 2441 ut
1289 2382 1377 2441 matri

193 2485 302 2544 falsum
324 2484 462 2544 nuntium
484 2486 601 2561 afferat,
626 2506 684 2564 quo
707 2485 798 2543 filiam
821 2484 973 2563 peperisse
996 2484 1115 2544 nuntiet
1137 2489 1167 2544 et
1189 2490 1319 2558 matrem,
1343 2491 1377 2544 ut

194 2587 336 2645 adveniat
357 2589 393 2646 ad
415 2588 507 2647 filiam
529 2590 736 2661 adiuvandam,
758 2586 889 2647 invocet.
932 2591 976 2646 Ac
998 2606 1070 2645 sane
1092 2592 1186 2646 mater
1209 2587 1323 2648 fallitur
1347 2593 1377 2646 et

195 2689 333 2763 accurrit,
355 2689 437 2749 mitis
458 2709 492 2748 ac
514 2690 688 2768 placabilis,
711 2687 848 2766 precibus
871 2688 949 2748 filiae
973 2691 1128 2761 obsecuta;
1160 2709 1247 2770 quam
1270 2709 1376 2766 appro-

194 2791 391 2869 pinquantem
415 2813 480 2852 cum
495 2792 618 2851 videant
633 2793 751 2851 Electra
767 2796 799 2851 et
814 2790 943 2865 Orestes,
965 2791 1016 2850 hic
1039 2799 1069 2850 et
1091 2793 1219 2869 Pylades
1242 2794 1272 2850 in
1296 2792 1376 2850 aedi·

195 2896 251 2952 bus
274 2914 305 2952 se
321 2895 441 2968 abdunt,
464 2900 497 2954 ut
513 2895 739 2972 Clytemestram
755 2894 908 2971 excipiant
923 2899 953 2952 et
968 2898 1083 2953 necent.
1128 2895 1226 2953 Mater
1241 2893 1375 2964 advenit3

194 2995 256 3054 iam
279 3017 378 3055 nonne
401 3018 417 3056 e
440 3018 591 3057 scenarum
616 3016 751 3057 connexu
774 3001 980 3074 exspectamus
995 2996 1144 3054 Electram
1166 2995 1253 3054 matri
1267 2995 1377 3070 gratias

195 3117 294 3174 agere,
316 3103 394 3179 quod
415 3101 542 3175 venerit,
566 3106 596 3160 et
618 3120 704 3179 quam
728 3099 890 3172 celerrime,
913 3105 946 3158 ut
967 3100 1085 3158 domum
1108 3098 1210 3170 intret,
1233 3097 1377 3170 invitare;

196 3207 321 3260 matrem
345 3208 461 3276 autem,
495 3203 634 3282 quoniam
647 3203 803 3279 ⁸Electram
835 3207 895 3261 tam
918 3199 1083 3260 miserabili
1114 3200 1220 3259 habitu
1241 3200 1377 3260 indutam

195 3305 329 3363 nondum
351 3305 444 3378 vidit,
468 3307 568 3365 statim
589 3305 677 3364 initio
700 3305 779 3364 hunc
802 3305 965 3380 deplorare,
987 3310 1026 3374 et,
1048 3323 1123 3375 cum,
1146 3323 1233 3381 quam
1256 3304 1292 3361 ad
1315 3323 1377 3362 rem

194 3405 364 3466 faciendam
386 3409 528 3467 advocata
551 3409 598 3483 sit,
621 3410 717 3467 adhuc
739 3407 861 3479 nesciat,
888 3406 988 3466 statim
1011 3406 1068 3465 boc
1090 3403 1250 3485 quaerere?

285 3509 367 3574 Quae
390 3509 490 3568 omnia
512 3510 607 3586 primo
636 3511 669 3569 in
699 3512 830 3571 adventu
862 3507 965 3567 matris
997 3515 1027 3567 et
1056 3507 1144 3566 initio
1174 3506 1378 3566 collocutionis

195 3612 399 3688 exspectanda
420 3613 510 3688 longo
534 3615 651 3674 demum
674 3611 834 3672 certamine
856 3611 1013 3670 interiecto
1034 3609 1186 3681 eveniunt,
1208 3614 1276 3684 post
1298 3611 1378 3687 quod
1481 3623 1483 3630 ’

194 3716 291 3778 verba
307 3715 517 3792 Clytemestrae
539 3718 579 3793 (v.
599 3721 679 3780 1102
697 3713 776 3793 sqq.)
799 3713 870 3772 satie
892 3713 967 3771 mire
989 3712 1138 3771 videntur.
1182 3712 1246 3769 Iam
1268 3731 1377 3790 quaeso

194 3817 364 3878 accuratius
394 3819 570 3897 comparetis
600 3822 693 3878 verba
721 3819 757 3875 ab
780 3816 898 3874 Electra
926 3818 994 3874 ante
1017 3813 1267 3873 concertationem
1297 3819 1328 3873 et
1361 3834 1378 3873 a

195 3926 292 3980 matre
314 3925 416 3996 postea
438 3921 647 3997 pronuntiata!
692 3920 791 3980 Verba
814 3916 914 3975 matris
936 3937 967 3978 y.
993 3921 1074 3974 1102
1098 3936 1163 3994 sqq.
1193 3902 1216 3975 oi
1240 3919 1304 3987 παῖ,
1328 3911 1378 3973 πέ-

195 4043 299 4097 φυκας
321 4018 433 4101 πατέρα
456 4016 509 4082 σὸν
531 4018 661 4102 στέργειν
683 4016 729 4080 ἀεί
762 4026 793 4081 et
825 4039 900 4098 quae
922 4022 1102 4098 sequuntur,
1135 4038 1235 4079 nonne
1266 4017 1377 4093 optime

193 4126 382 4202 respondent
403 4126 503 4184 verbis
526 4125 661 4184 Electrae
689 4145 717 4183 v.
745 4130 841 4182 1010:
875 4114 988 4202 πατρὸς
1019 4114 1151 4199 ὀρφαναὶ
1177 4114 1378 4196 λελειμμέναιὲ

194 4230 274 4288 Nam
298 4227 438 4306 quonism
460 4229 571 4287 iactum
593 4226 678 4299 illud,
702 4229 781 4305 quod
803 4229 888 4302 patre
911 4227 1014 4284 orbata
1037 4229 1082 4284 est
1103 4226 1238 4296 Electra,
1261 4222 1379 4282 irritum

194 4332 323 4393 reddere
345 4349 405 4391 uon
427 4335 526 4409 potest
548 4334 650 4403 mater,
675 4329 746 4408 quid
769 4347 865 4388 mores
888 4327 950 4386 eius
974 4327 1060 4387 mites
1084 4334 1113 4385 et
1135 4325 1296 4402 placabiles
1318 4346 1378 4385 ma·
