3238 4956
748 255 961 334 ..aad

264 461 293 503 v.
310 441 388 502 774:
411 433 439 500 οἷ’
460 463 511 518 μοι
532 434 683 511 θανόντος
706 432 782 501 reior'
806 439 879 522 ἔχων
901 436 1043 520 τεκμήρια
1058 444 1227 521 ποοςῆλθος
1242 441 1446 524 Clytemestra,

248 553 421 624 ¹postquam
449 546 508 604 iam
532 544 666 605 Orestem
684 551 837 606 'mortuum
870 527 933 605 esse
955 543 1022 622 ipsi¹
1038 566 1210 621 persuasum
1241 559 1301 620 est,
1332 547 1448 622 profert

180 633 184 640 ⁴
267 667 364 726 neque
387 649 478 708 verba
500 653 570 708 sunt
587 668 695 708 revera
717 649 899 722 dubitantis,
932 650 1067 728 quamvis
1097 657 1276 725 spectatores
1309 650 1447 708 nuntium

268 750 436 819 simulatum
451 745 522 810 ¹esse
545 771 603 810 non
625 751 796 825 ignorantes
826 752 873 810 his
903 751 935 809 in
959 751 1060 811 verbis
1083 752 1296 828 Clytemestrae
1318 751 1447 811 ironiam

268 853 413 930 quandam
436 853 578 927 tragicam
601 855 698 913 inesse
721 858 909 928 cognoscant.
962 852 1057 915 Quam
1091 854 1310 914 institutionem
1334 855 1447 929 Sopho-

267 955 359 1013 cleam
391 955 523 1015 moribus
554 956 712 1035 animoque
735 957 947 1034 Clytemestrae
970 957 1082 1031 optime
1105 958 1350 1015 accommodatam
1382 975 1449 1013 cum

268 1057 429 1135 Euripidae
451 1057 569 1118 Electra
590 1061 640 1118 ubi
665 1057 853 1135 compararis,
868 1059 1034 1134 Euripides
1058 1079 1156 1118 nonne
1172 1060 1319 1133 corrigere
1335 1061 1449 1134 Sopho·

268 1160 351 1233 olem,
374 1161 544 1236 vituperare
566 1161 624 1220 tibi
646 1161 775 1235 videtur,
798 1163 878 1240 quod
900 1161 1123 1237 Clytemestram
1146 1167 1207 1220 tam
1228 1163 1337 1220 leviter
1359 1161 1449 1220 fidem

268 1262 425 1321 habentem
447 1263 582 1337 finxerit,
612 1265 703 1342 idque
725 1263 783 1337 ita,
816 1269 849 1322 ut
878 1285 930 1324 suo
962 1265 1057 1340 ipsius
1091 1266 1156 1324 loco
1187 1265 1263 1324 ratio
1286 1264 1450 1339 Euripidae

263 1365 368 1438 minus
391 1364 535 1444 quadret?

355 1471 456 1546 Atque
479 1488 554 1546 quae
577 1471 668 1529 verba
690 1472 856 1546 posthanc
877 1469 978 1530 nuntii
994 1472 1169 1530 scenam‘ah
1186 1471 1291 1530 Oreste
1305 1472 1450 1529 redeunte

269 1572 462 1644 proferuntur
491 1572 574 1648 (Eur.
598 1573 684 1649 893):
718 1566 782 1648 ἥκω
805 1565 860 1651 yde
891 1566 928 1631 οό
950 1560 1091 1651 λόγοισιν,
1115 1570 1177 1632 α’λλ’
1201 1571 1299 1652 ἔργοις
1321 1566 1449 1642 κτανών,

270 1672 318 1730 his
340 1673 439 1731 verbis
461 1674 570 1732 iterum
592 1675 746 1751 Sophoclis
769 1677 898 1735 fabulam
922 1676 1032 1752 respici
1055 1675 1279 1755 rationemque,
1311 1696 1369 1754 qua
1393 1679 1451 1733 Ae-

271 1775 363 1850 gisthi
386 1777 504 1835 caedem
526 1781 634 1836 tractat
656 1777 825 1854 Sophocles,
847 1778 1013 1854 vituperari
1036 1780 1073 1837 ab
1096 1779 1238 1854 Euripide
1261 1778 1397 1836 Ribbeck
1421 1784 1452 1836 et

223 1899 225 1902 ¹
270 1877 330 1935 iam
353 1884 440 1937 antea
462 1878 563 1938 Flesse
585 1885 664 1939 recte
687 1880 904 1942 iudicaverunt.

356 1983 393 2039 In
416 1981 570 2056 Sophoclis
601 1983 679 2042 euim
709 1984 813 2046 fabula,
838 1984 958 2042 Orestes
986 1990 1055 2060 post
1083 1985 1154 2042 satis
1184 1984 1304 2058 longum
1334 1983 1453 2041 demum
1501 1971 1504 1978 ¹

270 2085 440 2144 verborum
458 2089 608 2144 certamen
642 2085 784 2160 Aegistho
814 2087 989 2145 antecedere
1019 2081 1101 2145 iusso
1129 2087 1161 2144 in
1194 2089 1311 2144 domum
1340 2086 1454 2160 regiam

270 2187 379 2259 intrat,
413 2186 465 2244 ubi
494 2206 525 2246 se
557 2189 593 2246 de
625 2187 719 2264 patris
740 2188 930 2247 interfectore
965 2189 1143 2265 supplicium
1173 2197 1356 2265 sumpturum
1389 2205 1454 2245 esse

220 2367 222 2373 y
273 2288 447 2363 pronuntiat
469 2289 604 2367 quidem,
635 2291 687 2348 sed
707 2294 808 2349 utrum
831 2289 991 2364 Aegisthus
1019 2292 1100 2352 intus
1129 2311 1162 2350 re
1183 2312 1255 2350 vera
1275 2291 1454 2356 interfectus

272 2392 313 2450 sit
334 2411 435 2465 necne,
459 2398 641 2468 spectatores
663 2393 695 2451 in
717 2394 818 2452 fabula
835 2392 907 2470 ipsa
928 2394 1067 2453 certiores
1090 2414 1149 2453 non
1172 2393 1257 2456 fiunt.

359 2494 454 2558 Quam
469 2495 614 2556 rationem
630 2496 823 2573 Sophocleam
838 2517 905 2555 cum
920 2497 1042 2556 consilio
1058 2497 1225 2556 institutam
1242 2497 1291 2574 (ef.
1300 2515 1328 2571 p.
1345 2481 1385 2553 18Ι
1396 2494 1457 2573 sq.)

273 2597 433 2673 Euripides
448 2599 625 2674 perstringit
646 2598 747 2660 verbis
770 2593 807 2657 οὐ
830 2593 961 2677 λόγοισιν
985 2591 1042 2657 ἄλλ’
1066 2597 1163 2679 ἔργοις
1186 2593 1311 2657 ιιιοινοόν.
1358 2596 1458 2658 Quam
1487 2673 1488 2680 ἵ

273 2699 553 2776 interpretationem
576 2701 760 2776 probabilem
784 2721 847 2760 esse
870 2703 974 2761 Bruhn
997 2708 1097 2779 putat,
1129 2702 1180 2763 ubi
1203 2701 1270 2761 aliis
1293 2703 1381 2758 rebus
1403 2697 1459 2758 So-

274 2803 410 2878 phoclem
432 2802 625 2863 antecessisse
655 2804 888 2864 demonstratum
911 2809 1003 2877 esset;
1035 2807 1087 2864 sed
1114 2807 1206 2879 „haec
1227 2803 1293 2882 ipsa
1314 2802 1459 2877 locutio“‚

275 2904 375 2982 iuquit
397 2924 492 2982 „quae
515 2905 635 2964 minime
658 2926 726 2966 rara
748 2911 794 2966 est
815 2906 866 2985 (cf.
892 2907 1092 2967 Wilamowitz
1116 2909 1134 2967 l.
1158 2906 1189 2985 l.)
1213 2907 1302 2966 talem
1324 2905 1461 2981 eipliea·

275 3006 387 3066 tionem
410 3007 541 3084 admittit
563 3014 688 3082 tantum,
710 3030 771 3069 non
794 3011 953 3086 postulat.“
996 3009 1046 3068 Sic
1067 3012 1180 3070 Bruhn.

361 3110 418 3167 Sed
440 3130 493 3169 nos
523 3111 651 3187 primum
682 3113 801 3190 quidem
829 3112 887 3170 iam
917 3111 985 3172 aliis
1014 3113 1101 3172 rebus
1131 3097 1338 3190 imprimisque
1368 3130 1461 3168 scena

276 3211 428 3288 Euripidis
451 3213 653 3290 obiurgatoris
674 3215 839 3275 accuratius
862 3221 1003 3289 tractata,
1028 3234 1116 3294 quam
1140 3215 1261 3275 omuino
1284 3233 1343 3272 non
1365 3212 1461 3271 intel·

276 3312 331 3388 ligi
353 3334 448 3390 posse,
471 3315 530 3374 nisi
553 3317 714 3392 Sophocles
737 3317 944 3390 antecesserit,
976 3320 1166 3394 comprobare
1189 3316 1370 3388 studuimus,
1404 3314 1461 3373 so-

277 3417 414 3492 phoclem
437 3414 629 3478 antecessisse
658 3419 941 3494 demonstravimus;
975 3422 1078 3499 quodsi
1110 3433 1191 3480 recte
1223 3421 1462 3478 demonstratum

277 3523 331 3593 est,
354 3539 392 3578 ex
415 3520 542 3579 Bruhnii
565 3541 682 3600 quoque
705 3520 853 3581 sententia
875 3525 967 3582 verba
995 3523 1048 3583 illa
1078 3524 1120 3583 sic
1150 3529 1183 3582 ut
1205 3523 1342 3582 volumus
1363 3519 1462 3579 inter-

278 3625 422 3698 pretanda
444 3603 527 3684 suut..
1051 3705 1052 3710 η

364 3727 421 3786 Sed
444 3728 525 3786 nulla
547 3727 666 3786 omnino
696 3727 756 3787 alia
785 3728 901 3787 ratione
929 3728 1082 3788 intellecta
1112 3730 1186 3788 haec
1215 3729 1309 3788 verba
1339 3745 1462 3784 sensum

278 3827 350 3886 satis
372 3835 474 3905 aptum
497 3849 530 3888 ae
552 3833 662 3889 bonnm
684 3832 825 3905 praebere
848 3813 930 3907 putot
975 3835 1015 3889 At
1038 3832 1141 3890 Bruhn
1164 3833 1200 3888 ad
1223 3830 1341 3904 linguae
1362 3849 1464 3901 usum,

279 3931 416 4006 exempla
438 3932 662 3993 Wilamowitaii
684 3953 857 4007 recurrens,
881 3953 957 4012 quae
979 3934 1028 3992 hic
1051 3911 1099 3993 vir
1120 3935 1157 3992 ad
1180 3933 1324 4009 pluralem
1346 3924 1465 4010 λόγοισι

278 4033 487 4092 illustrandum
509 4035 643 4109 eontulit,
667 4036 820 4094 contendit
841 4038 916 4095 hanc
938 4036 1166 4112 explicationem
1190 4054 1248 4092 non
1265 4034 1466 4093 necessariam

279 4155 360 4209 esse,
383 4137 436 4196 sed
458 4137 553 4196 solum
574 4137 694 4196 admitti
715 4157 800 4214 posse
812 4159 820 4212 ;
851 4139 904 4198 sed
925 4139 1049 4211 vellem,
1079 4158 1138 4217 qua
1161 4136 1275 4197 ratione
1297 4136 1362 4212 ipse
1385 4138 1467 4197 haec

280 4240 372 4308 verba
393 4240 616 4322 interpretanda
638 4245 724 4319 putet
745 4242 864 4318 liuguae
886 4262 972 4302 usum
995 4247 1113 4302 secutus
1140 4273 1174 4285 -
1201 4257 1469 4333 quem'noanuo·
