3238 4956
664 255 856 325 ...5.„

171 431 230 492 lam
254 451 351 511 neque
374 450 552 508 componere
582 451 681 513 neque
715 435 819 496 docere
848 436 955 495 audere
983 435 1124 512 potuerit.
1169 437 1227 497 Sed
1250 435 1351 497 audias

171 534 254 593 viros
275 535 372 612 ipsos:
396 532 527 612 (iruppe,
550 533 692 609 Ariadne,
715 556 743 613 p.
762 541 840 596 461:
863 539 922 611 „Es
944 544 1023 598 wdre
1045 538 1271 615 unbegreiflich‚
1295 541 1351 600 wie

172 637 333 714 Euripides
355 637 432 696 nach
453 637 565 696 diesem
588 639 620 696 in
640 639 725 714 jeder
746 639 913 699 Riicksioht
942 641 1059 700 runden
1089 642 1150 700 und
1181 643 1350 719 m'a2chtigen

172 739 356 799 Kunstwerlr
377 739 435 818 (El.
459 740 565 822 Soph.)
589 739 656 799 eine
680 740 786 801 Arbeit
807 745 944 818 gemacht
965 744 1064 804 haben
1085 743 1215 816 kdnnte,
1249 745 1297 804 die
1318 745 1351 804 in

169 843 268 916 jedem
292 840 449 901 einzelnen
471 829 590 903 Pnnlrte
613 842 679 902 eine
701 844 1008 920 Verschlechterung,
1031 847 1092 904 und
1114 845 1162 905 ich
1184 866 1254 923 sege
1283 847 1350 907 eine

172 945 318 1005 bewulste
339 944 631 1021 Verschlechterung
653 965 788 1020 gewesen
818 945 883 1005 sein
911 948 1046 1009 mentor.
1091 948 1206 1008 Teuffel
1238 969 1267 1026 p.
1291 950 1351 1010 27:

173 1047 256 1120 ,Dass
289 1044 450 1122 Euripides
479 1046 529 1106 bei
560 1047 659 1108 seiner
687 1047 890 1124 Bearbeitung
921 1069 977 1108 nur
1013 1049 1061 1109 die
1092 1053 1144 1111 des
1179 1051 1352 1132 Aeschylos,

172 1149 258 1210 nicht
279 1151 350 1209 aber
371 1150 419 1208 die
441 1150 493 1210 dee
514 1151 681 1228 Sophokles
702 1151 793 1210 sehon
815 1170 870 1212 ver
891 1149 956 1211 sich
977 1153 1074 1226 hatto,
1102 1153 1143 1214 ist
1174 1173 1212 1212 nu
1234 1154 1351 1228 folgern

171 1253 242 1311 teile
264 1272 317 1311 aus
339 1254 391 1312 der
414 1254 531 1329 groisen
553 1253 716 1314 Sohwiiche
746 1255 799 1312 der
821 1253 972 1328 seinigen,
1005 1260 1143 1332 vermdge
1174 1257 1266 1315 deren
1296 1257 1352 1316 wir
1412 1273 1416 1281 ’

172 1376 209 1415 an
233 1357 347 1416 seinem
377 1356 491 1417 Urteile
520 1359 580 1416 und
603 1357 769 1418 Verstande
798 1357 858 1416 irre
890 1358 1011 1419 werden
1033 1359 1179 1436 mdlsten,
1210 1379 1297 1419 wenn
1321 1379 1353 1419 er

172 1459 256 1518 scine
279 1456 400 1519 Elektra
429 1461 505 1518 nach
534 1460 586 1518 der
614 1459 676 1519 viel
707 1458 982 1521 volllremmeneren
1005 1461 1255 1536 sopholrleischen
1285 1463 1351 1521 dem

173 1562 336 1620 Publikum
358 1563 560 1625 vorzufdhren
584 1568 700 1639 gewegt
722 1563 836 1622 hetta.“
881 1562 1000 1622 Kolster
1021 1583 1050 1639 p.
1070 1569 1104 1622 6:
1126 1562 1244 1636 „Wenn
1267 1563 1352 1624 Euri·

171 1663 268 1740 pides'
290 1654 418 1726 Elektra
435 1667 545 1741 jiinger
566 1671 646 1725 wilre
674 1666 718 1725 als
741 1664 789 1724 die
812 1666 863 1725 des
885 1665 1052 1742 Sophoklee
1074 1684 1187 1728 warum
1210 1709 1338 1728 ......
1341 1667 1352 1725 ?

171 1769 208 1826 Ja
231 1767 288 1827 wie
310 1769 423 1828 konnte
446 1789 479 1828 er
500 1769 575 1827 nach
599 1767 696 1827 einem
718 1767 876 1842 Maiwerk,
899 1766 956 1827 wie
979 1787 1010 1827 es
1025 1768 1191 1847 Sopholrles
1213 1769 1353 1846 geliefert

171 1871 264 1944 hatte,
287 1890 318 1930 ee
341 1891 398 1931 nur
419 1891 541 1946 wagan,
572 1871 624 1930 das
645 1870 757 1929 Thema
787 1872 865 1928 noch
887 1869 995 1929 einmal
1019 1873 1072 1930 auf
1091 1872 1143 1931 das
1166 1872 1294 1932 Theater
1315 1893 1352 1932 zu

172 1973 309 2049 bringen,
332 1975 411 2034 ohne
433 1973 482 2032 die
504 1971 731 2049 grossertigsten
756 1977 1024 2049 Anstrengungen,
1047 1994 1097 2032 um
1120 1974 1209 2034 einen
1231 1975 1352 2034 solchen

171 2077 347 2152 Vorgiinger
368 2097 406 2136 au
428 2075 643 2139 iiberbieteu?“

260 2178 391 2244 Quorum
413 2180 506 2241 verbe
529 2178 554 2239 si
577 2177 749 2256 perlegeris,
774 2176 844 2237 satis
866 2197 1002 2254 magnam
1025 2178 1112 2237 fidem
1135 2181 1191 2238 hec
1212 2179 1245 2238 in
1267 2199 1352 2255 argu·

173 2283 355 2344 mentatione
378 2301 489 2360 ponere
518 2282 586 2342 illos
607 2281 688 2341 viros
716 2279 878 2356 cognoscis.
933 2281 1036 2359 Neque
1066 2299 1137 2340 vero
1168 2282 1240 2341 satis
1268 2283 1353 2342 firma

172 2407 227 2467 per
250 2407 281 2446 se
304 2390 349 2462 est
370 2391 423 2445 aut
443 2385 542 2461 digna,
563 2385 597 2443 in
620 2404 679 2464 qua
700 2387 855 2459 tantopere
878 2401 909 2442 se
931 2381 1051 2443 iactent.
1097 2387 1146 2441 An
1160 2403 1265 2444 revere
1287 2386 1353 2446 fieri

172 2510 232 2550 non
255 2467 363 2566 potest,
385 2493 419 2547 ut
440 2491 531 2564 pocta
552 2487 619 2566 quis
643 2491 848 2563 argumentum
870 2486 929 2544 iem
952 2490 1037 2545 antea
1060 2487 1171 2563 optime
1193 2492 1352 2556 tractatum

174 2595 271 2651 denuo
294 2589 501 2667 aggrediatur,
535 2591 693 2650 dummodo
716 2589 789 2649 alias
812 2589 877 2649 viae
899 2589 1055 2648 tractandi
1085 2590 1167 2650 ineat
1194 2575 1248 2650 vel*
1274 2593 1354 2647 certa

174 2695 300 2774 quadam
324 2693 437 2753 ratione
460 2712 536 2767 eum,
567 2693 620 2772 qui
642 2691 809 2767 antecessit,
832 2711 972 2769 superare
1002 2692 1140 2752 studeat?
1184 2691 1256 2751 Tam
1278 2691 1354 2751 levis

174 2802 265 2876 atque
287 2795 372 2856 irrita
392 2795 512 2855 illorum
533 2795 751 2871 argumentatio
765 2793 894 2867 videtur,
915 2794 1024 2855 utrix
1046 2794 1165 2856 omniuo
1188 2795 1353 2856 accuratius

173 2899 359 2978 respicienda
375 2899 431 2973 sit3
454 2902 585 2957 attamen
598 2917 692 2975 pauca
711 2901 812 2958 contra
828 2895 995 2976 Gruppium
1011 2903 1066 2958 etc.
1089 2899 1238 2976 proferam
1254 2918 1353 2957 exem-

173 3004 222 3080 pla
245 3023 283 3062 ex
305 3001 430 3061 historia
459 2998 642 3082 quaestionis
672 3002 806 3076 sumpta,
836 2999 945 3078 quibus
974 3020 1035 3059 non
1066 3020 1167 3061 omnes
1200 3003 1237 3061 de
1264 3001 1353 3060 laude

174 3106 308 3166 Electrae
330 3104 528 3181 Sophocleae,
551 3102 729 3182 Euripideae
752 3106 850 3162 autem
872 3102 1092 3179 vituperatione
1115 3103 1283 3164 consentire
1305 3103 1352 3165 vi·

174 3210 258 3282 deas;
289 3227 356 3267 nam
380 3207 516 3286 quamvis
539 3225 585 3265 ars
607 3226 625 3264 a
646 3206 792 3282 Sophocle
824 3205 856 3263 in
879 3207 1081 3283 componenda
1103 3226 1156 3266 sua
1178 3207 1280 3266 fabula
1301 3207 1352 3265 ad-

173 3311 269 3371 hibita
291 3311 328 3369 ab
351 3309 489 3370 omnibus
510 3310 572 3368 fere
594 3312 785 3383 agnoscatur,
816 3313 916 3368 tamen
945 3311 982 3368 de
1003 3309 1143 3370 universo
1164 3309 1276 3369 iudicio
1298 3309 1353 3368 im·

173 3414 279 3490 primis
308 3416 430 3490 propter
451 3413 585 3472 Electrae
607 3430 705 3472 mores
732 3413 821 3470 duros
844 3412 930 3472 valde
952 3411 1065 3472 distant
1088 3432 1106 3471 a
1133 3413 1267 3491 Gruppio
1297 3418 1352 3473 etc.

174 3515 379 3595 Heimbrod¹)
410 3519 440 3574 et
468 3508 702 3592 Trahndorffl),
734 3533 859 3593 quorum
888 3513 940 3572 ille
969 3512 1010 3591 (p.
1037 3514 1090 3594 13)
1121 3516 1159 3574 de
1189 3515 1293 3574 Oreste
1323 3520 1354 3575 et

173 3620 292 3679 Electra
312 3618 356 3678 ita
377 3617 508 3679 iudicat:
538 3617 625 3697 ‚fluis
647 3617 737 3678 ta'lem
760 3617 855 3705 filium
878 3616 943 3677 sine
964 3619 1089 3678 horrore
1111 3618 1264 3694 adspicere
1287 3621 1352 3693 pot·

174 3722 233 3782 est!
278 3722 389 3780 Eodem
421 3723 507 3781 modo
538 3720 673 3780 Electrae
702 3739 816 3794 mores,
848 3720 949 3800 quales
971 3725 1059 3796 poeta
1089 3719 1121 3778 in
1153 3721 1213 3781 fine
1234 3721 1353 3781 fabulae

175 3830 244 3883 ante
267 3823 368 3884 oculos
389 3823 491 3900 penit,
523 3822 716 3901 vituperandi
738 3823 892 3895 videntum
926 3843 994 3882 nam
1017 3824 1135 3882 Electra
1165 3843 1227 3883 non
1257 3825 1352 3884 selum

173 3925 308 3986 mulieris
331 3931 475 4001 naturam,
501 3927 553 3987 sed
574 3924 664 3985 immo
687 3944 802 3986 omnem
825 3923 1040 3986 humanitem
1063 3926 1148 3986 exuit
1168 3971 1249 3988 ....
1273 3926 1353 3986 filiae

245 4113 268 4173 ll
288 4114 327 4161 De
345 4114 419 4176 Soph.
437 4114 477 4161 El.
513 4114 601 4173 Progr.
619 4111 744 4167 (Helvia,
765 4113 839 4161 1848.

242 4183 269 4248 2)
287 4183 386 4242 „Usber
404 4184 452 4230 den
465 4182 566 4231 Orestes
579 4182 622 4229 der
634 4183 700 4230 alten
713 4182 836 4241 Tragddie
854 4184 904 4230 nod
917 4184 964 4232 den
976 4184 1078 4236 Hemlet
1094 4183 1138 4234 des
1155 4181 1351 4246 Shakespeare‘t

173 4253 260 4312 Progr.
280 4251 309 4301 E.
329 4253 369 4300 W.
389 4251 419 4300 G.
457 4253 541 4299 Berlin
562 4253 636 4300 1033.
