3238 4956
637 277 851 355 ..33..

155 477 213 544 que
241 479 400 542 sequemur
432 496 472 506 -
504 463 692 539 explicasset.
745 465 821 523 Nam
852 462 987 542 quamvis
1017 460 1125 524 usitata
1155 465 1254 524 nostra
1286 460 1335 524 vel

155 565 262 625 similis
284 565 394 625 locutio
418 565 473 638 sit,
505 585 621 642 semper
643 565 685 624 sic
702 565 886 638 adhibetur,
915 574 949 624 ut
970 585 1100 646 resnou
1122 569 1262 648 perfecta,
1285 570 1337 626 scd

153 668 254 727 verbis
276 669 371 727 solum
393 667 586 744 pronuntiata
608 667 739 743 graviter
762 671 851 745 atque
874 687 940 726 cum
962 668 1000 726 vi
1018 669 1144 746 quadam
1168 674 1336 745 opponatur

153 770 200 829 rei
222 771 388 846 perfectae;
412 790 470 848 qua
492 771 536 828 de·
552 789 583 828 re
606 770 643 829 ct.
667 769 811 829 nonnulla
827 771 982 846 ⁴eucmple:
1205 843 1208 849 Ι

198 873 268 932 Eur.
293 873 389 932 Orest.
414 875 492 932 279:
514 875 576 942 τοῖς
598 867 651 947 μὲν
672 865 772 951 λόγοις
792 865 938 949 ηὔφρανε,
961 875 1024 941 τοῖς
1045 865 1072 930 δ’
1094 868 1222 951 ἔργοισιν.
1244 866 1290 933 ον’.

197 975 304 1034 Aesch.
329 977 426 1034 Prom.
450 980 529 1034 352:
553 972 629 1056 ἔργῳ
645 967 709 1033 ¹ormi
730 968 806 1056 λόγῳ
831 973 1033 1053 τεκμαίρομαι.

198 1077 311 1138 Herod.
334 1079 370 1151 V,
389 1083 445 1136 24:
468 1079 556 1135 τοῦτο
580 1071 612 1135 δὲ
635 1071 672 1135 οὗ
695 1069 824 1155 λόγοισιν
847 1069 905 1134 ἀλλ’
928 1073 1056 1156 ἔργοισιν
1079 1068 1147 1136 οἶδα
1170 1073 1289 1152 μαθών,

155 1179 264 1258 quibus
284 1177 358 1239 locis
381 1179 500 1240 dativus
523 1183 570 1238 cst
584 1178 784 1252 instrumenti,
808 1179 860 1257 qui
883 1187 984 1238 nostro
1007 1179 1071 1239 loco
1094 1179 1247 1240 adhibitus
1268 1201 1335 1240 san-

154 1302 219 1340 sum
242 1285 398 1357 praeberet
420 1284 597 1354 absurdum
631 1283 732 1357 paullo
755 1280 844 1341 aliter
864 1273 1059 1356 intelligenda
1081 1291 1126 1341 est
1147 1283 1259 1342 locutio
1282 1303 1334 1342 ex-

155 1384 261 1460 emplis
284 1385 348 1444 his:
376 1386 447 1444 Eur.
470 1385 539 1444 Hel.
568 1388 661 1443 1050:
696 1375 796 1468 tinniet
818 1380 954 1462 λέγεσθαι
986 1379 1026 1460 μή
1049 1377 1155 1443 &avoir
1177 1379 1254 1468 λόγῳ
1277 1389 1333 1444 θα·

154 1489 216 1542 νεῖν
245 1487 296 1565 (of.
323 1491 413 1564 1052,
438 1488 542 1564 1572)·
561 1494 592 1545 et
620 1483 710 1561 Soph.
743 1485 787 1545 El.
811 1490 868 1546 59:
898 1480 972 1545 ὅταν
994 1480 1072 1570 λόγῳ
1095 1481 1200 1545 θανών
1222 1485 1334 1567 ἔργοισι

155 1589 264 1670 σωθώς
297 1577 405 1667 quibus
427 1589 499 1648 locis
522 1588 693 1648 simillimus
722 1595 767 1647 est
788 1593 891 1648 noster
913 1589 1109 1668 similiterque
1131 1589 1334 1666 explicandus,

153 1690 198 1748 ite
219 1701 253 1749 ut
267 1697 435 1750 vertamus:
461 1710 539 1765 „uon
564 1711 601 1748 ex
622 1690 732 1764 verbis,
756 1693 807 1749 sed
822 1692 952 1765 defecto
968 1691 1107 1751 interfeci
1121 1673 1334 1766 Aegisthum,

155 1811 232 1870 quae
262 1794 422 1869 explicatio
456 1813 493 1852 ex
523 1813 579 1851 nsu
608 1793 730 1868 linguae
759 1793 821 1851 sola
851 1794 970 1854 videtur
998 1796 1128 1854 ferenda.
1191 1800 1234 1853 At
1264 1814 1335 1852 num

153 1896 245 1953 verbe
283 1897 347 1954 sive
379 1895 493 1954 Orestis
524 1895 635 1970 ipsius,
676 1894 740 1954 sive
770 1895 870 1954 nuntii
900 1895 1036 1972 opposita
1065 1902 1136 1956 sunt
1170 1896 1215 1955 rei
1246 1916 1335 1956 verae

154 1995 272 2055 factes?
316 1998 421 2056 Nonne
451 1998 483 2055 in
512 1998 591 2055 idem
623 1991 826 2056 conueniunt?
876 1999 983 2058 Nonne
1012 1991 1050 2057 osi
1080 1992 1335 2076 pivovfllrr‘yotow

154 2091 214 2156 ἀλλ’
232 2094 338 2178 ’ἔργοιςΙ
354 2102 585 2175 exspectandum
609 2106 661 2172 est,
684 2099 710 2157 si
732 2111 861 2158 nostram
883 2101 1013 2159 fabulam
1030 2101 1121 2159 solam
1142 2099 1336 2176 respicientes

154 2196 251 2259 iocum
271 2203 466 2278 interpretari
488 2201 645 2263 volumus?
678 2203 740 2280 (Ita
769 2207 803 2262 ut
831 2203 1003 2262 conferendi
1032 2204 1159 2262 fortasse
1189 2203 1250 2260 sint
1277 2202 1334 2260 loci
1366 2231 1368 2235 ¹

154 2309 189 2362 ut
211 2305 301 2380 Soph.
324 2306 368 2367 El
391 2325 421 2365 v.
448 2310 527 2365 1452
551 2325 611 2384 sq.:
633 2307 724 2380 Aega
747 2292 767 2382 ἦ
791 2301 841 2364 καὶ
865 2298 989 2363 θανόντ’
1010 2296 1210 2384 ἤγγειλαννῖς
1233 2299 1334 2381 ἐτητύ-

154 2426 236 2477 νως;
266 2407 332 2466 nt:
362 2403 427 2480 οὐκ,
451 2399 732 2481 detestarentur»,
756 2401 792 2467 οὗ
815 2400 892 2490 λόγῳ
916 2401 1007 2486 μόνον
1030 2416 1061 2468 et
1083 2409 1152 2468 Itur.
1177 2407 1331 2481 fragino.

153 2509 249 2568 Ino:
272 2501 314 2585 μὴ
336 2504 413 2592 λόγῳ
436 2503 529 2585 μόνον
551 2505 664 2593 μα’θγγς,
687 2507 762 2594 ἔργῳ
785 2505 817 2569 δὲ
839 2507 947 2586 δείξω.)

241 2609 339 2673 Quare
362 2632 427 2672 eam
448 2613 742 2689 interpretationem,
773 2633 860 2692 quam
890 2612 982 2672 solam
1004 2615 1097 2672 verba
1126 2619 1157 2671 et
1186 2633 1256 2672 usus
1278 2612 1334 2672 lin·

154 2732 230 2787 guae
252 2715 419 2789 postulant,
449 2734 515 2773 cum
537 2716 690 2791 Euripidis
717 2717 819 2777 fabula
849 2715 911 2774 sola
932 2721 1067 2792 respecta
1088 2715 1229 2774 adhibere
1252 2721 1334 2776 vste-

153 2831 230 2889 mur,
253 2818 336 2876 nulla
357 2816 517 2897 difficultas
540 2820 647 2890 obstat,
670 2818 829 2896 quominus
851 2836 1018 2890 servemus,
1041 2818 1093 2876 ubi
1114 2818 1268 2893 Sophoclis
1290 2819 1334 2876 ia·

153 2919 254 2977 bulam
277 2920 452 2978 antecedere
474 2919 582 2997 hisque
596 2921 695 2980 verbis
712 2920 822 2997 respici
837 2920 1047 2996 supponimns;
1071 2940 1138 2980 nam
1161 2921 1252 2978 verba
1273 2919 1335 2994 illa,

154 3040 232 3100 quae
254 3027 445 3098 opponuntur
465 3021 510 3080 rei
532 3041 622 3081 verae
644 3024 759 3097 lactea,
783 3030 853 3081 sunt
875 3041 925 3095 ea,
949 3022 1057 3100 quibus
1080 3023 1199 3081 Orestes
1221 3023 1334 3098 Sopho-

154 3125 236 3183 cleus
259 3144 325 3184 cum
349 3122 491 3199 Aegistho
514 3131 607 3184 certat
627 3130 658 3184 et
679 3143 711 3184 se
735 3126 912 3200 Aegisthum
931 3124 1158 3184 interfecturum
1180 3144 1244 3184 esse
1266 3143 1334 3202 pro-

153 3226 425 3306 nuntiat'quidem,
448 3247 546 3305 neque
567 3234 666 3288 tamen
687 3226 720 3285 in
742 3228 843 3285 fabula
865 3227 989 3303 perficit.
1123 3213 1124 3218 ἵ

240 3328 299 3388 His
320 3329 413 3405 igitur
443 3349 562 3409 quoqne
592 3329 692 3390 verbis
714 3330 874 3406 Sophocles
905 3329 1028 3408 eiusque
1059 3336 1209 3390 extremae
1240 3330 1334 3406 partis

152 3432 272 3490 fabulae
295 3432 469 3511 compositio
491 3434 679 3509 vituperatur
701 3434 751 3493 vel
771 3432 924 3504 irridetur,
945 3432 1120 3509 Sophoclem
1141 3432 1334 3493 antecessisse

154 3537 383 3596 demonstratur.

103 3719 106 3725 ι
241 3640 298 3698 Sed
321 3638 393 3718 quid
415 3637 521 3717 plur'a?
564 3639 641 3698 Satis
663 3640 770 3699 multae
792 3659 840 3698 ras
862 3621 1054 3715 Enripideas,
1079 3643 1109 3697 et
1130 3642 1208 3698 totas
1231 3656 1334 3696 scenas

113 3752 115 3758 ’
154 3747 186 3804 st
209 3741 326 3817 singula
347 3743 439 3801 verba
460 3741 612 3802 invenisse
641 3742 727 3802 nobis
756 3743 909 3814 videmur,
941 3762 1018 3821 quae
1046 3742 1244 3803 nullomodo
1274 3739 1334 3797 nisi

152 3845 316 3922 Sophocles
336 3844 512 3917 antecessit,
540 3844 670 3920 intelligi
692 3852 831 3920 possunt;
865 3846 973 3924 quibus
995 3845 1069 3923 ipsis
1091 3843 1186 3918 igitur
1208 3842 1333 3917 cognitis

154 3968 189 4008 ac
210 3947 355 4023 respectis
370 3947 546 4025 Sophoclem
568 3947 700 4026 priorem
723 3967 787 4007 esse
808 3948 841 4006 in
864 3949 964 4007 fabula
979 3948 1115 4007 Electrae
1131 3946 1334 4022 componenda

66 4119 68 4124 ¹
152 4051 213 4110 iam
229 4050 471 4125 demonstratum,
495 4050 713 4129 quaestionem,
747 4070 835 4129 quam
868 4052 1039 4114 solvendam
1068 4049 1155 4110 nobis
1178 4047 1333 4125 proposui-

152 4171 236 4226 mus,
267 4152 326 4210 iam
349 4155 475 4214 solutam
506 4173 569 4212 esse
596 4163 669 4232 puto
689 4153 797 4236 idque,
830 4154 888 4234 quo
911 4152 1026 4214 cautius
1048 4172 1110 4212 rem
1132 4150 1333 4228 tractavimus,

153 4275 189 4318 eo
212 4253 332 4318 certine.
