3238 4956
638 307 851 378 -59-

152 490 269 564 cantur,
292 484 437 551 actionem
462 486 598 548 celeriter
620 507 856 564 progressuram,
891 487 1025 548 Orestem
1048 485 1149 548 stetim
1171 486 1334 548 rediturum

153 595 341 669 exspectant,
364 593 398 650 ut
414 589 523 650 'metris
545 591 662 650 caedem
686 593 850 666 praeparet.
890 650 898 666 ,

241 697 284 752 At
306 697 407 752 nostre
429 712 517 752 scena
545 690 685 753 instituta
707 691 869 768 Euripidae
900 693 1041 762 universo
1070 674 1156 752 inuri
1173 714 1222 754 res
1252 697 1336 752 extra

153 817 275 858 scenam
299 799 395 871 gestas
418 815 472 871 per
487 795 685 856 narrationem
708 799 778 854 ente
801 797 900 855 oculos
922 795 1053 874 ponendi
1076 796 1164 855 etiem
1186 795 1260 855 locis
1282 795 1336 854 mi·

153 898 314 974 nusgapris
336 901 410 958 adeo
425 899 594 973 respondet,
617 897 719 956 uthis
741 900 829 957 rebus
851 898 937 958 modo
960 899 1057 958 allatis
1077 896 1191 957 nullum
1206 918 1338 958 momen-

153 1007 219 1060 tum
243 1000 464 1060 attribncndum
488 999 542 1072 sit;
573 1004 661 1078 atque
684 1001 814 1074 accedit,
845 1003 925 1081 quod
948 999 1085 1075 Aegisthi
1108 1000 1224 1060 animus
1246 1001 1337 1059 scele-

154 1125 223 1164 rum
246 1103 380 1170 conscius
403 1123 437 1162 ec
458 1094 681 1165 timidusbene
704 1103 898 1177 describitur,
928 1102 1068 1162 universo
1098 1103 1192 1178 igitur
1213 1101 1337 1162 consilio
1374 1151 1377 1156 .

155 1227 193 1266 ac
215 1205 421 1282 compositioni
443 1209 545 1264 nostra
566 1223 654 1264 scena
677 1223 735 1262 non
760 1205 908 1266 contraria
930 1211 993 1290 est,
1024 1205 1083 1266 nisi
1111 1209 1188 1266 forte
1210 1205 1337 1279 mireris,

156 1311 237 1389 quod
261 1309 381 1368 Orestes
403 1314 490 1368 antea
513 1313 543 1366 et
564 1311 667 1384 postca
690 1312 750 1365 tem
773 1307 926 1381 infirmus,
949 1309 1089 1382 incertus,
1113 1309 1164 1387 qni
1187 1309 1264 1366 nihil
1286 1328 1338 1367 sua

112 1469 116 1476 ,
157 1418 265 1487 sponte
289 1401 394 1483 faciat,
426 1431 505 1470 nunc
527 1410 624 1470 subito
647 1414 731 1470 tante
754 1409 844 1469 animi
867 1411 1034 1488 praesentia
1057 1417 1094 1469 et'
1109 1411 1284 1472 iort'tudine
1308 1432 1339 1470 sc

156 1519 305 1590 praestet,
337 1533 481 1591 quaeres
505 1513 625 1592 quidem
647 1512 713 1588 ipsa
744 1532 852 1588 perse
882 1512 1004 1572 levioris
1026 1512 1169 1581 momenti
1192 1513 1338 1573 videatur.

238 1616 303 1676 ead
325 1615 401 1675 aliae
418 1635 465 1672 res
482 1635 593 1695 eaeque
608 1615 754 1691 gravioris
769 1615 911 1691 momenti
928 1602 1107 1692 premendae
1122 1619 1211 1694 atque
1233 1616 1339 1676 altib-

156 1719 264 1777 beckio
288 1718 473 1796 significatae
498 1723 567 1777 sunt
592 1717 634 1796 (p.
648 1717 738 1796 383);
761 1717 897 1780 inventio
922 1718 1008 1788 enim,
1032 1739 1090 1796 qua
1106 1718 1225 1779 Orestes
1246 1723 1340 1780 artem

157 1841 230 1880 vere
245 1821 432 1880 laniatoriam
448 1823 579 1897 praebet,
595 1820 625 1879 id
643 1822 721 1900 quod
737 1816 957 1881 accuratissime
973 1821 1160 1895 describitur,
1179 1822 1251 1882 satis
1266 1821 1341 1884 mire

159 1928 214 1995 est,
244 1925 445 1998 multomagis
467 1924 542 1983 mira
566 1927 663 1982 autem
687 1929 733 1983 est
754 1924 840 1997 ratio,
864 1945 922 2004 qua
937 1923 1065 1996 Orestes,
1089 1923 1141 2001 qui
1156 1944 1226 1984 vere
1242 1924 1341 1984 sicarii

159 2027 246 2085 modo
269 2026 427 2085 inimicum·
447 2026 563 2096 cecidit,
586 2026 710 2086 vocibus
732 2027 909 2104 celebretur,
932 2045 1007 2104 quae
1031 2045 1132 2085 omnes
1155 2027 1192 2085 ed
1207 2026 1341 2086 certami-

158 2148 231 2186 num
245 2129 387 2188 victorias
403 2129 591 2208 victoresque
606 2133 750 2204 spectant,
773 2129 883 2188 actioni
899 2149 968 2188 vero
984 2126 1164 2203 Euripideae
1186 2149 1246 2187 non
1270 2129 1341 2187 setis

159 2233 396 2290 accommodatae
411 2237 481 2291 sunt
494 2233 536 2307 ¹);
560 2234 596 2290 cf.
611 2253 640 2292 v.
658 2232 734 2292 761:
758 2218 782 2290 ai
804 2229 965 2290 καλλίνικοι
989 2226 1136 2305 παρθένοι
1153 2273 1158 2287 .
1176 2275 1182 2287 .
1199 2274 1206 2288 .
1223 2231 1341 2289 νικῶντ’

159 2327 316 2408 Ὀρέστην;
338 2354 366 2394 v.
386 2339 462 2392 854:
486 2333 625 2406 στέφουσι
649 2331 675 2391 δ’
698 2327 793 2404 sidric
815 2334 869 2393 σοῦ
893 2328 1072 2411 κασιγνήτου
1094 2325 1186 2406 κοίρα;
1208 2354 1238 2393 r.
1263 2339 1340 2392 862:

159 2431 247 2502 νίκας
270 2435 513 2512 στεφαναφορίαν
546 2435 671 2512 κρείσσω
704 2441 766 2506 τοῖς
797 2434 865 2515 παρ’
888 2428 1028 2509 Ἀλφειοῦ
1062 2431 1198 2513 ῥεέθροις
1225 2432 1342 2505 τελέσας

161 2580 245 2596 ....
270 2531 330 2595 ἀλλ’
353 2531 471 2597 ἒιτολειδε
494 2539 662 2598 καλλίνικον
685 2532 766 2620 φ’δοίν
790 2563 863 2613 ...;
894 2560 922 2597 v.
941 2541 1018 2599 872:
1042 2534 1141 2613 στέψω
1165 2530 1188 2596 τ’
1211 2531 1342 2613 ολδελφοῦ

160 2640 259 2712 κρᾶτα
281 2641 336 2698 τοῦ
358 2635 545 2720 νικηφόρους
578 2664 607 2703 v.
633 2644 711 2704 887:
743 2635 885 2717 Πυλάδη,
917 2637 1065 2716 στέφανον
1095 2638 1125 2712 ἐξ
1156 2639 1229 2717 ἐμῆς
1258 2634 1343 2719 χερδς

161 2738 265 2818 δέχου·
297 2738 381 2820 φέρει
402 2737 457 2823 γδρ
480 2741 530 2802 καὶ
553 2739 590 2803 ori
612 2741 682 2825 τῷδ’
705 2743 770 2804 ἴσον
794 2741 883 2819 μέρος
905 2739 1037 2823 ipsisne,
1072 2765 1101 2806 r.
1127 2751 1204 2804 880:
1227 2729 1251 2801 ei
1274 2747 1342 2802 καλ-

162 2968 252 3026 quem
267 2967 385 3008 versum
401 2951 504 3010 Bruhn
524 2950 625 3011 attulit
646 2952 697 3020 ita,
720 2955 754 3010 ut
776 2970 835 3010 non
859 2951 894 3008 de
917 2950 1056 3027 equestri,
1079 2951 1131 3008 scd
1154 2951 1190 3009 de
1212 2949 1344 3024 pedestri

162 3051 326 3110 certamine
357 3053 413 3110 hoc
443 3053 474 3110 in
498 3073 586 3112 versu
608 3073 773 3113 sermenem
803 3071 866 3111 esse
888 3054 1024 3125 urgeret,
1055 3055 1144 3129 atque
1173 3050 1274 3110 nescio
1305 3072 1342 3112 en

162 3153 221 3212 hoc
243 3153 385 3228 presserit
407 3157 445 3213 ed
467 3156 643 3216 sententiam
667 3155 826 3215 Ribbeckii
855 3153 1086 3226 debilitandam
1115 3153 1146 3211 id
1169 3155 1249 3231 quod
1271 3154 1343 3216 satis

161 3254 281 3314 irritum
305 3261 358 3328 est,
382 3258 522 3336 quoniam
545 3260 665 3319 Orestes
688 3279 747 3318 non
770 3258 864 3317 solum
891 3256 923 3314 in
947 3255 1079 3336 equestri
1101 3257 1270 3329 certamine,
1293 3259 1344 3321 sed

162 3357 255 3418 etiem
271 3358 407 3417 omnibus
423 3379 541 3437 quoque
557 3361 743 3438 pedestribus
757 3360 870 3420 florens
886 3359 1010 3434 fingitur
1025 3380 1042 3418 a
1056 3359 1203 3435 Sophocle
1225 3380 1254 3419 v.
1273 3365 1344 3432 684,

164 3465 227 3519 686
252 3480 317 3538 sqq.
348 3460 553 3539 imprimisque
582 3483 610 3520 v.
636 3469 697 3521 690
721 3483 782 3541 sq.:
813 3455 892 3521 ίίσων
922 3456 978 3540 γοίρ
1011 3453 1198 3538 είςεκήρυξαν
1228 3459 1345 3537 βραβῆς

163 3553 286 3637 δρόμων
309 3557 440 3621 διαύλων
463 3605 542 3620 ....
567 3556 692 3642 ἕνεγκοίν
715 3557 812 3622 ττιίντιι
834 3557 989 3623 τολτιινίκιοι
1012 3605 1095 3622 ....

239 3811 264 3876 1)
282 3815 367 3862 Bruhn
385 3820 471 3863 contre
489 3816 655 3864 Ribbeckium
673 3819 720 3864 hoc
736 3818 810 3864 modo
828 3822 936 3876 pugnet:
956 3817 1035 3876 „Inde
1053 3815 1203 3862 Ribbeckius
1221 3818 1346 3864 concludit

164 3886 230 3932 haec
248 3883 313 3942 apud
325 3884 469 3946 Euripidem
482 3886 573 3945 scripta
591 3900 644 3934 esse
662 3887 731 3944 quasi
749 3887 780 3932 ad
792 3887 933 3945 superanda
951 3883 986 3950 (et
1003 3885 1090 3946 procul
1108 3885 1162 3931 sine
1178 3885 1252 3933 dubio
1270 3887 1346 3934 etiam

164 3951 332 4010 reprehende)
357 3968 386 4000 aa
403 3968 465 4012 quae
484 3954 514 4000 de
532 3954 632 4013 equiriis
651 3959 735 4000 narret
753 3954 892 4014 Sophocles.
932 3954 994 3999 Mihi
1020 3953 1118 4012 quidem
1136 3954 1183 3999 hoc
1199 3955 1283 4014 paullo
1302 3956 1345 4000 hu-

164 4020 250 4067 milius
268 4020 367 4067 videtur
384 4037 458 4081 quam
477 4024 542 4080 quod
559 4023 702 4082 Euripidem
721 4022 871 4070 commisisse
889 4023 1022 4069 arbitror.“
1057 4021 1099 4068 Sic
1116 4022 1218 4083 Bruhn3
1245 4023 1346 4070 sedhic
1429 4032 1432 4038 '

165 4089 206 4136 vir
225 4089 312 4134 doctus
329 4104 387 4136 num
405 4091 503 4150 ignorat
520 4092 673 4140 notissimam
699 4091 798 4138 rabulae
823 4105 937 4152 scenam,
963 4103 1011 4149 qua
1028 4091 1180 4151 Aeschylum
1199 4091 1346 4149 reprehendi

165 4163 241 4214 etque
260 4156 355 4203 irrideri
374 4159 405 4204 ab
423 4161 542 4220 Euripide
559 4161 623 4207 inter
641 4175 725 4206 omncs
743 4160 856 4206 constet?
892 4161 939 4218 dn,
963 4160 1028 4217 quod
1047 4159 1077 4206 de
1096 4158 1218 4218 Aeschylo
1236 4159 1346 4205 commit·

166 4232 220 4304 tere
238 4239 287 4270 non
305 4226 400 4343 vteritqs
418 4233 463 4288 est,
481 4230 547 4277 idem
565 4231 596 4276 de
613 4227 735 4290 Sophocle
753 4227 871 4276 humilius
889 4233 927 4276 est
945 4241 1019 4288 quem
1037 4229 1102 4290 quod
1114 4227 1245 4286 Euripides
1261 4233 1346 4290 potue·

166 4300 201 4342 rit
219 4294 371 4346 commitere
