3238 4956
725 267 938 338 ..Q-⁴

238 449 313 510 male
332 454 438 508 tractat
461 455 490 506 et
505 447 633 506 irridens
649 437 813 524 alloquitur
836 447 885 524 (cl.
902 446 991 522 Soph.
1009 451 1069 503 289
1086 465 1129 523 sq.
1146 450 1177 504 et
1191 445 1262 504 Eur.
1280 449 1340 503 329
1353 441 1421 523 sq),

240 559 488 626 Agamemnonem
511 557 657 608 mortuum
680 547 810 608 ludibrio
833 549 923 606 habet
944 548 996 624 (cf.
1011 548 1101 622 Soph.
1125 549 1196 620 277,
1219 553 1280 606 280
1304 558 1335 606 et
1350 549 1419 606 Eur.

240 660 299 712 323
324 653 419 732 sqq),
453 654 503 710 esd
527 653 690 727 periculum
714 653 862 728 quoddam
891 647 1171 710 timens‘seerificat
1192 651 1419 728 sacrificansque

238 761 273 814 ut
301 755 415 814 inimici
447 764 571 830 pereant
600 758 738 830 precatur
764 752 815 830 (cf.
847 753 937 828 Soph.
969 757 1030 811 634
1053 773 1134 832 sqq,
1166 752 1313 829 imprimis
1349 751 1418 824 647,

239 865 270 917 et
292 860 362 917 Eur.
387 863 446 916 805
471 855 549 935 sqq.)
592 857 718 914 Easdem
740 856 833 929 igitur
857 856 919 914 fere
942 855 1072 914 actiones
1096 873 1130 913 ao
1151 873 1211 926 ree,
1243 874 1317 933 quae
1341 856 1417 929 apud

239 961 414 1036 Sophoclem
439 960 652 1034 Clytemestrae
673 958 855 1032 tribuuntur,
878 978 943 1017 cum
959 959 1124 1036 Aeschylus
1146 978 1252 1033 magna
1275 979 1313 1017 ex
1336 965 1419 1033 parte

239 1083 289 1122 eae
312 1084 371 1122 non
395 1064 552 1137 praebeat,
576 1061 734 1137 Euripides
758 1081 843 1120 suum
864 1061 1043 1136 Aegisthum
1067 1067 1219 1136 gerentem
1241 1061 1340 1130 finxit,
1362 1059 1420 1117 nisi

241 1165 373 1238 singulas
395 1183 443 1222 ree
465 1163 497 1230 in
520 1163 614 1221 maius
636 1163 762 1235 auxerit,
785 1163 817 1221 id
840 1165 920 1241 quod
942 1162 1049 1222 leviter
1072 1163 1254 1238 significasse
1276 1164 1418 1222 hocloco

242 1267 379 1326 sufficiat.

327 1367 446 1427 Orestes
462 1367 615 1443 Euripidis
637 1369 730 1428 multo
754 1368 851 1427 minus
874 1389 941 1428 acer
964 1379 1010 1431 eet
1033 1389 1121 1447 quam
1139 1367 1420 1444 Aeschylinsdum

242 1471 441 1546 Sophocleum
464 1490 685 1546 comparemus;
718 1489 786 1530 nam
816 1471 881 1546 ipse
904 1491 1024 1551 quoque
1054 1492 1119 1530 cum
1148 1470 1272 1531 consilio
1303 1470 1420 1548 quidem

240 1573 332 1650 patris
354 1573 517 1633 ulciscendi
534 1573 674 1632 universo
696 1573 777 1632 redit
797 1573 830 1632 in
845 1574 972 1649 patriam
988 1573 1065 1651 (89),
1087 1593 1184 1651 neque
1206 1579 1306 1632 tamen
1329 1574 1420 1631 ullum

240 1680 352 1734 certum
376 1677 472 1733 adhuc
490 1675 570 1749 cepit
584 1673 751 1747 consilium,
774 1677 907 1734 sedeam
924 1677 1109 1753 Aeschyleue
1131 1694 1190 1734 non
1213 1673 1311 1734 minus
1334 1695 1421 1754 quam

241 1777 422 1853 Sophocleus
436 1795 490 1853 per
505 1796 603 1835 casum
617 1777 764 1855 quendam
779 1797 845 1836 cum
860 1797 962 1837 sorore
978 1777 1137 1850 conveniat
1151 1776 1357 1856 imprimisque
1373 1777 1422 1835 hic

241 1883 302 1937 iere
316 1878 430 1936 invitus
446 1897 575 1937 sororem
591 1879 708 1938 consilii
730 1885 761 1939 et
774 1879 915 1939 facinoris
930 1879 1106 1955 participem
1130 1881 1254 1939 reddere
1276 1879 1422 1952 videatur,

240 1981 420 2057 Euripideus
440 1980 559 2040 Orestes
583 1981 683 2040 statim
705 1981 794 2042 initio
817 2002 857 2055 se,
881 1987 915 2040 ut
936 1982 1086 2041 Electram
1109 1982 1217 2042 sociam
1241 1981 1422 2052 conciliaret,

241 2084 359 2154 venisse
382 2083 559 2159 pronuntiat
590 2082 653 2158 (98,
680 2083 770 2160 100),
800 2084 971 2144 iuratione
994 2083 1117 2142 ultionis
1139 2083 1304 2142 accuratius
1327 2083 1425 2142 eonsi-

242 2188 372 2245 deranda
394 2185 468 2263 (612
492 2186 570 2263 sqq)
599 2186 673 2244 satis
701 2186 832 2245 incertus
860 2187 897 2245 de
920 2187 1057 2246 omnibus
1078 2188 1168 2245 rebus
1189 2187 1227 2243 ab
1250 2187 1370 2244 Electra
1393 2189 1425 2244 et

243 2289 414 2366 paedagogo
437 2289 575 2360 docetur,
607 2288 640 2346 in
662 2288 777 2347 ultione
799 2288 866 2364 ipsa
887 2293 988 2348 autem
1010 2290 1046 2347 de
1069 2293 1162 2347 matre
1184 2289 1327 2347 sumenda
1349 2289 1422 2346 adeo

243 2392 359 2461 infirme
376 2388 446 2464 agit,
468 2396 502 2448 ut
516 2389 787 2449 vehementissimis
802 2391 919 2450 demum
935 2390 1044 2451 sororis
1060 2389 1312 2450 admonitionibus
1327 2391 1425 2468 (982),

244 2500 278 2553 ut
299 2493 414 2552 facinus
437 2490 581 2566 perficiat,
605 2498 834 2552 commoveatur.
1430 2549 1433 2556 ,

329 2597 465 2653 Electrae
487 2613 583 2652 mores
605 2594 811 2672 rationemque
844 2595 962 2654 dicendi
993 2601 1024 2656 et
1056 2597 1163 2672 agendi
1187 2597 1220 2656 L.
1244 2595 1365 2654 Fischer
1395 2599 1426 2652 et

245 2697 448 2757 Wilamowitz
469 2695 578 2753 rectius
602 2716 690 2773 qnam
713 2695 979 2774 aliidescripsisse
1001 2699 1076 2757 mihi
1097 2699 1249 2758 videntur.
1291 2698 1316 2755 E
1339 2699 1425 2756 domo

246 2819 364 2875 egressa
387 2797 532 2876 queritur,
554 2797 635 2875 quod
657 2817 765 2876 aquam
786 2799 869 2859 ferre
888 2801 995 2860 debeat
1016 2802 1102 2880 (55);
1132 2821 1230 2880 neque
1251 2806 1351 2859 tamen
1374 2801 1425 2856 de·

244 2908 297 2963 bet
319 2901 405 2980 (57);
428 2921 497 2959 narn
519 2905 550 2960 et
572 2920 676 2960 servae
698 2903 806 2961 adsunt
827 2921 924 2980 neque
942 2903 1067 2963 maritus
1089 2905 1157 2963 vult
1172 2905 1247 2981 (64),
1271 2904 1322 2961 sed
1343 2901 1424 2972 facit,

245 3012 280 3065 ut
300 3004 447 3079 Aegistho
471 3003 570 3062 odium
593 3003 706 3062 excitet
728 3003 811 3082 (58);
843 3005 963 3080 coniugi
994 3012 1111 3083 autem,
1143 3014 1176 3065 ut
1206 3007 1270 3064 eius
1292 3005 1425 3062 laborem

247 3128 334 3186 quam
365 3105 550 3182 potissimum
581 3105 692 3178 elevet,
725 3125 756 3162 se
783 3108 861 3166 ferre
890 3107 966 3166 dicit
992 3107 1043 3186 (71
1069 3109 1163 3188 eqq.);
1200 3126 1297 3186 neque
1326 3112 1426 3164 tamen

168 3289 169 3293 Ἰ
246 3209 368 3271 omnino
392 3214 491 3266 tantus
512 3207 597 3265 labor
619 3211 672 3279 est,
698 3208 838 3284 quoniam
860 3230 920 3269 non
935 3212 1024 3284 longe
1047 3214 1133 3270 abest
1153 3211 1207 3269 illa
1230 3229 1323 3288 aqua,
1347 3209 1426 3286 quod

245 3313 293 3373 vir
314 3330 369 3370 nce
391 3310 478 3367 docet
499 3307 576 3384 (77).
620 3309 709 3368 Suam
741 3315 771 3368 et
799 3312 893 3386 patrie
916 3313 1067 3372 fortunam
1099 3314 1257 3388 deplorans
1279 3305 1426 3388 imprimis

247 3414 339 3473 malas
360 3415 460 3473 vestes
483 3414 539 3469 etc.
562 3411 649 3469 affert
669 3409 702 3470 et
722 3413 831 3487 premit
853 3415 938 3491 (120,
963 3420 1021 3473 184
1045 3435 1127 3494 sqq,
1160 3420 1238 3488 239,
1263 3419 1321 3472 241
1347 3411 1426 3489 etc).

246 3521 274 3576 A
296 3515 370 3575 viris
392 3511 558 3592 peregrinis
581 3514 723 3572 abhorret
752 3516 857 3594 (215);
888 3518 940 3576 sed
969 3537 1001 3576 se
1024 3517 1160 3596 quamvis
1182 3523 1305 3592 nuptam
1327 3520 1426 3575 tamen

246 3621 342 3678 adhuc
364 3617 513 3692 virginem
536 3635 601 3674 esse
623 3635 682 3675 non
704 3619 790 3677 modo
812 3619 871 3677 iam
893 3619 946 3677 diu
968 3619 1071 3680 amicis
1092 3619 1323 3678 communicasse
1343 3617 1427 3676 vide·

246 3728 295 3780 tur
318 3720 366 3798 (cf.
387 3719 468 3796 174),
490 3720 543 3778 sed
565 3719 655 3777 ctiam
677 3719 780 3780 statim
801 3720 902 3780 fratris
925 3721 1031 3783 nuntio
1054 3726 1157 3782 narrat
1178 3719 1282 3800 (255);
1307 3722 1357 3779 sed
1379 3739 1427 3778 res

249 3825 357 3883 allatae
381 3821 541 3882 sufficiunt
562 3840 656 3880 unum
678 3825 795 3881 tantum
818 3824 941 3883 addam:
975 3844 1063 3902 quam
1086 3825 1231 3883 humilem
1246 3844 1278 3883 se
1302 3824 1428 3898 praebet

245 3927 278 3986 in
300 3923 446 3998 Aegistho
463 3929 577 3986 mortuo
599 3922 769 3998 irridendo,
802 3945 890 4004 qnam
913 3927 1064 3987 crudelem
1087 3926 1119 3984 in
1143 3925 1268 3996 oonsilio
1291 3923 1426 3982 caedium

247 4028 390 4107 capiendo
413 4029 502 4102 atque
525 4026 697 4099 efficiend03
720 4032 810 4106 etque
832 4047 898 4086 cum
920 4048 937 4085 a
959 4029 1048 4092 caede
1070 4028 1135 4104 ipsa
1149 4027 1317 4105 Aeschyleo
1339 4027 1427 4085 Eleo·

245 4137 291 4191 tra
319 4131 408 4206 plane
440 4134 626 4200 amoveatur,
658 4129 812 4205 Sophoclis
842 4150 961 4210 quoque
983 4131 1102 4195 Electra
1134 4151 1193 4190 non
1224 4129 1303 4191 adsit
1324 4128 1427 4187 Oresti

246 4238 370 4292 matrem
400 4229 577 4303 trucidasti,
611 4230 771 4307 Euripidea
801 4251 861 4292 non
888 4233 976 4292 modo
1005 4235 1088 4295 adest
1096 4254 1111 4305 ‚·
1134 4236 1187 4293 sed
1215 4233 1281 4311 ipsa
1303 4251 1426 4314 quoque
