3238 4956
718 311 1009 384 -58·-„

235 494 375 564 gumenta
397 489 598 572 narrationum
621 489 762 552 universa
783 490 855 550 satis
877 489 987 550 similia
1010 487 1156 569 simulque
1180 487 1334 550 contraria·
1349 509 1433 578 esse¹

235 594 334 654 statim
358 594 525 673 cognoscin
548 595 658 654 etenim
681 594 760 669 apud
781 594 956 670 Sophoclem
973 593 1088 662 Orestis
1109 593 1261 669 praeclara
1284 594 1361 654 iacta
1384 603 1414 652 et
1468 631 1477 642 ·

236 717 328 769 mors,
360 699 440 774 apud
462 697 636 774 Euripidem
659 697 790 757 eiusdem
813 697 927 758 Orestis
949 696 1076 757 virtutes
1099 701 1236 775 artesque
1265 703 1298 755 et
1320 695 1412 756 victo·

235 799 288 872 ria,
314 799 449 874 Aegisthi
466 821 537 861 vero
557 821 635 860 mors
650 801 866 875 describuntur,
887 801 980 880 idque
1001 802 1037 859 ab
1053 805 1179 878 utroque
1194 797 1413 878 accuratissime

235 923 406 980 summaque
428 923 494 962 cum
516 903 681 979 diligentia.
728 901 793 968 Quo
817 923 855 964 ex
877 906 1050 979 argumento
1073 902 1212 963 universo
1233 903 1293 960 has¹
1309 921 1413 962 scenas

237 1004 293 1070 sibi
316 1007 494 1081 respondere
517 1006 581 1066 sive
604 1027 669 1065 cum
692 1006 816 1066 oonsilio
846 1006 904 1066 sibi
928 1006 1079 1083 oppositas
1102 1026 1166 1066 esse
1187 1005 1274 1066 facile
1297 1003 1413 1080 colligis

235 1112 325 1185 atque
347 1108 538 1184 Sophoclem,
562 1109 701 1188 quoniam
726 1109 854 1186 priorem
885 1129 949 1170 esse
979 1109 1037 1169 iem
1060 1108 1335 1179 demonstravimus,
1357 1108 1413 1165 hac

236 1229 355 1290 quoque
386 1213 422 1270 de
453 1231 540 1271 scena
568 1213 604 1271 ab
627 1212 770 1288 Euripide
800 1217 966 1288 respectum
997 1232 1030 1272 ac
1062 1214 1186 1273 fortasse
1216 1217 1413 1288 repugnatum

235 1333 299 1372 esse
321 1313 465 1389 suspicari
487 1314 565 1374 licet.
1025 1375 1027 1380 ,
1060 1375 1063 1381 Δ

321 1419 378 1478 Sed
401 1417 517 1484 etiamsi
540 1419 635 1479 adhuc
657 1419 833 1494 Sophoclem
855 1420 1047 1482 antecessisse
1078 1420 1209 1478 noudum
1231 1419 1433 1478 demonstra-¹

235 1527 298 1583 tum
320 1527 406 1593 esset,
430 1521 477 1579 his
500 1535 618 1600 quoque
640 1521 737 1582 saenis
752 1522 917 1582 accuratius
932 1521 1047 1582 collatis
1064 1517 1162 1581 nescio
1185 1542 1223 1580 an
1239 1521 1413 1598 Euripidem

234 1625 428 1703 posteriorem
458 1644 522 1684 esse
542 1624 792 1685 verisimillimum
820 1625 974 1699 videatur;
1004 1625 1035 1684 id
1063 1628 1141 1706 quod
1173 1626 1232 1684 iam
1261 1623 1414 1702 expliean·
1472 1657 1475 1664 v

235 1729 306 1788 dum
328 1732 382 1790 est.
586 1719 587 1723 ¹

321 1833 421 1908 Atque
436 1830 609 1906 Sophoclem
625 1831 764 1891 universo
787 1851 839 1891 suo
855 1831 990 1903 consilio,
1013 1836 1047 1892 ut
1061 1830 1265 1892 inventionem
1281 1830 1414 1906 Aeschy-

222 1933 310 2018 leam
332 1931 487 1992 adhiberet
508 1939 597 2012 atque
619 1933 828 2010 amplificaret,
856 1936 1013 1994 adductum
1036 1954 1100 1994 esse
1122 1934 1180 1993 iam
1203 1953 1292 2009 supra
1312 1931 1414 1992 monui

235 2035 276 2114 (p.
301 2039 340 2093 40
364 2036 437 2112 sq.);
461 2036 572 2114 quippe
596 2057 653 2115 qua
676 2036 887 2113 Clytemestrae
910 2037 987 2096 aetio
1010 2036 1217 2114 decipiendae,
1249 2054 1307 2114 quo
1330 2055 1414 2094 aecu-

235 2138 326 2198 ratior
344 2137 476 2198 narratio
497 2138 563 2214 ipsa
585 2144 639 2212 est,
661 2158 695 2197 eo
715 2136 907 2198 verisimilior
929 2139 989 2210 fiat,
1011 2140 1146 2199 Electrae
1167 2157 1238 2198 vero
1261 2139 1299 2196 ad
1319 2157 1416 2196 mores

238 2240 441 2316 depingendae
472 2260 531 2299 non
553 2241 653 2300 minus
676 2261 763 2319 quam
793 2241 895 2302 matris
925 2242 1050 2300 multum
1082 2239 1270 2317 proficiatur;
1303 2241 1415 2299 etenim

237 2363 296 2421 quo
312 2343 468 2417 gloriosius
485 2343 603 2402 Orestes
626 2344 705 2404 diem
728 2363 896 2421 supremum
920 2343 1003 2416 obiit,
1026 2364 1060 2402 eo
1083 2343 1194 2402 maiore
1216 2343 1315 2403 fratris
1337 2361 1415 2402 mor-

234 2445 280 2504 tui
302 2445 397 2520 luctu,
427 2445 494 2505 odio
517 2466 588 2506 vero
611 2446 712 2507 matris
735 2447 824 2506 talem
846 2447 940 2506 filium
963 2453 1111 2506 mortuum
1141 2466 1200 2506 non
1221 2445 1415 2523 deplorantis,

235 2548 287 2606 sed
308 2547 461 2608 irridentis
484 2549 602 2608 Electra
622 2548 741 2626 impleri
763 2550 906 2621 debebat,
933 2569 967 2609 eo
991 2548 1101 2608 maiore
1123 2548 1258 2608 Electrae
1281 2569 1298 2606 a
1319 2552 1415 2607 matre

235 2650 311 2709 male
333 2653 474 2713 tractatae
495 2650 712 2722 misericordia,
743 2650 857 2710 minore
879 2650 982 2710 matris
1005 2655 1108 2726 postea
1139 2650 1293 2710 aliberis-
1310 2671 1416 2711 caesae

237 2751 329 2810 enimi
351 2756 549 2827 spectatorum
571 2757 737 2815 moventur.

322 2854 367 2914 De
389 2870 542 2914 scenarum
564 2874 637 2917 vero
660 2875 806 2930 connexu,
828 2862 862 2916 ut
877 2857 1076 2916 narrationem
1097 2858 1155 2917 hoc
1176 2856 1242 2932 ipso
1265 2859 1415 2915 momento

234 2955 389 3028 insereret,
411 2957 522 3034 optime
537 2957 704 3019 instituisse
720 2959 893 3034 Sophoclem
909 2979 1010 3019 omnes
1025 2960 1195 3030 concedent,
1220 2979 1278 3036 qua
1299 2956 1417 3017 ratione

236 3059 375 3120 instituta
396 3060 446 3132 fit,
473 3065 506 3118 ut
528 3080 579 3133 ea,
603 3080 677 3138 quae
700 3061 763 3134 vix,
786 3066 819 3120 ut
840 3061 951 3122 efficiat
973 3063 1054 3136 deus,
1076 3061 1266 3134 desideravit,
1287 3058 1351 3119 scil.
1381 3065 1418 3119 ut

235 3166 360 3237 pereant
379 3161 496 3222 inimici
518 3162 537 3221 i.
561 3183 587 3222 e.
611 3162 739 3235 Orestes,
761 3162 821 3222 iam
844 3166 975 3240 perfecta
997 3163 1155 3223 videantur
1178 3165 1314 3242 quidem,
1347 3181 1415 3222 cum

236 3283 268 3323 re
290 3283 361 3323 vera
375 3265 551 3324 contrariam
566 3284 630 3324 rem
645 3265 731 3339 effici,
755 3267 812 3327 hoc
825 3265 892 3341 ipso
907 3266 1013 3327 nuntio
1036 3265 1138 3326 matris
1160 3266 1277 3325 caedem
1301 3262 1417 3339 optime

236 3366 407 3442 praeparari
429 3370 610 3441 spectatores
631 3387 691 3426 non
713 3367 861 3442 ignorent.

321 3467 459 3543 Singulas
488 3468 617 3548 denique
646 3489 693 3529 res
715 3470 897 3546 Sophocleae
927 3491 1032 3530 scenae
1066 3471 1215 3546 praeclare
1237 3469 1417 3545 compositas

236 3591 300 3632 esse
321 3570 594 3650 inventionemque,
617 3592 675 3651 qua
696 3571 909 3634 Atheniensem
932 3575 1079 3651 quendam
1101 3572 1224 3632 rivalem
1244 3571 1358 3631 Orestis
1380 3591 1418 3631 ao

236 3673 379 3733 victorem
403 3673 571 3732 certaminis
593 3675 690 3748 finxit,
713 3675 869 3751 Sophoclis
891 3675 990 3735 animo
1013 3695 1046 3734 ac
1068 3674 1143 3734 mori
1164 3677 1344 3750 respondere
1366 3693 1417 3732 ac-

236 3774 367 3836 curatius
388 3775 532 3854 explicari
554 3797 613 3836 non
636 3797 710 3854 opus
733 3782 786 3841 est.

320 3877 473 3952 Euripidis
495 3899 566 3939 vero
589 3899 676 3938 scena
697 3879 838 3940 universo
860 3879 999 3940 dramatis
1022 3879 1145 3939 consilio
1166 3879 1210 3938 ita
1231 3898 1290 3938 non
1313 3897 1418 3938 neces-

236 3977 313 4037 saria
334 3977 462 4051 videtur,
484 3985 518 4040 ut
539 3985 603 4042 tota
624 4002 712 4042 scena
733 4001 750 4041 a
780 4002 809 4043 v.
835 3982 894 4040 765
918 4001 1014 4061 usque
1035 3982 1072 4041 ad
1095 4002 1123 4042 v.
1149 3987 1208 4040 858
1232 3979 1339 4040 omissa
1360 3979 1417 4040 vix

237 4079 399 4158 quidquam
417 4081 644 4143 desideraretur.
1122 4081 1125 4084 ⁵

322 4181 366 4241 De
389 4201 542 4249 scenarum
573 4192 603 4244 et
631 4185 757 4248 actionis
779 4206 915 4249 connexu
946 4191 1126 4263 spectatores
1149 4183 1419 4247 exclamationibus

235 4282 297 4346 illis
317 4283 465 4348 exauditis
487 4283 561 4366 (752
578 4284 666 4368 sqq.),
689 4284 797 4371 quibus
813 4287 988 4368 Aegisthum
1010 4287 1069 4352 iam
1091 4306 1208 4353 caesum
1230 4306 1295 4350 esse
1317 4287 1418 4368 suspi-
