3238 4956
708 275 945 384 ”405

134 528 137 533 ,
215 476 374 540 earumque
390 459 620 532 adhortationes,
644 459 755 535 optime
770 460 914 517 videmus.
958 461 1059 537 Atque
1075 457 1176 516 eadem
1199 455 1229 513 in
1254 455 1395 516 universa

215 563 426 639 compositione
448 562 506 620 iam
523 561 580 620 sita
601 566 647 619 est
662 581 748 620 causa
763 563 877 632 idonea,
901 581 952 618 cnr
967 559 1127 635 Sophocles
1144 578 1244 617 servas
1260 558 1395 635 Aeschy-

215 665 276 724 leas
299 664 458 724 mutaverit
479 664 510 722 in
535 663 642 722 amicas
664 665 815 735 Electrae,
837 682 903 722 nam
928 683 992 721 eum
1015 663 1092 737 apud
1108 660 1288 737 Aeschylum
1311 659 1395 717 nulla

216 767 274 824 alia
296 767 332 823 de
354 785 439 825 causa
462 768 568 825 chorus
591 785 607 823 o
629 765 723 825 servis
746 772 880 824 constare
895 764 1040 836 videatur,
1063 764 1121 822 nisi
1145 765 1222 842 quod
1245 782 1304 819 una
1326 782 1392 818 cum

217 869 373 926 Electrae
395 873 487 927 matre
510 870 546 925 ad
568 867 661 945 patris
683 865 827 926 tumulum
852 866 929 925 mitti
953 866 1092 940 fingitur,
1126 885 1172 923 res
1201 865 1266 939 ipsa
1294 870 1394 922 antem

218 970 289 1031 satis
311 970 385 1029 mira
406 970 461 1042 sit,
495 971 573 1048 quod
596 970 809 1048 Clytemestrae
832 988 935 1028 servae
965 969 1061 1043 palam
1092 969 1128 1025 ab
1160 965 1273 1024 Orestis
1302 965 1394 1039 parti-

218 1073 273 1130 bus
295 1078 389 1144 stent,
418 1071 536 1144 nutrici,
560 1075 593 1130 ut
615 1069 794 1130 contrarium
816 1072 907 1129 faciat
929 1090 962 1128 ac
985 1070 1179 1146 Clytemestra
1200 1068 1300 1140 iussit,
1327 1087 1394 1141 pcr-

220 1175 377 1244 suadeant,
408 1174 486 1248 apud
509 1171 687 1249 Sophoclem
709 1173 829 1232 omnino
852 1173 973 1230 retineri
998 1173 1128 1248 potuisse
1152 1172 1273 1228 chorum
1296 1187 1394 1228 serva-

218 1296 284 1333 rum
305 1284 445 1351 putasne,
478 1276 559 1333 cuius
583 1275 778 1353 Clytemestra
809 1279 868 1332 tam
892 1274 1037 1346 crudelis,
1070 1274 1187 1332 Electra
1217 1277 1275 1330 tam
1308 1277 1397 1328 atrox

220 1376 285 1436 est?
337 1377 443 1435 Nonne
475 1378 566 1436 multo
596 1378 693 1452 aptius
726 1385 755 1435 et
784 1375 975 1436 verisimilius
1006 1376 1112 1434 amicas
1140 1373 1277 1432 induxit?
1330 1371 1397 1435 Qua

219 1498 251 1538 re
273 1478 410 1538 instituta
434 1478 594 1553 Electram,
625 1477 708 1537 cuius
731 1477 861 1536 moribus
885 1478 1085 1538 describendis
1109 1496 1251 1535 summam
1276 1475 1396 1534 omnino

221 1599 338 1657 operam
361 1581 443 1640 dedit
464 1587 569 1655 poeta,
598 1582 654 1639 hac
686 1580 717 1637 in
741 1579 851 1654 parodo
873 1579 1024 1652 videmus,
1055 1579 1171 1659 qualem
1203 1597 1233 1637 se
1256 1579 1398 1653 praebeat

220 1702 289 1758 erga
311 1683 418 1742 amicas
441 1683 571 1741 solantes
593 1687 681 1762 atque
705 1681 903 1753 adhortantes,
932 1687 1074 1760 sequente
1098 1688 1195 1740 autem
1218 1700 1305 1739 scena
1327 1698 1400 1756 erga

219 1804 350 1845 sororem
372 1784 494 1863 eiusque
516 1802 620 1860 preces
641 1783 809 1860 minasque,
839 1782 968 1862 donique
991 1784 1184 1862 sequentibus
1208 1784 1302 1842 scenis
1325 1801 1398 1856 erga

220 1893 343 1946 matrem
372 1887 475 1962 ipsam.
535 1887 643 1945 Nonne
672 1886 730 1944 iam
761 1887 816 1943 hac
852 1885 991 1944 universa
1022 1886 1234 1961 compositione
1264 1889 1399 1960 respecta

221 1987 331 2064 optime
353 1988 443 2067 idque
466 2007 518 2047 sue
541 1991 646 2064 sponte
668 1987 849 2066 Aeschyleas
872 2005 971 2045 servas
994 1991 1107 2046 mutare
1130 1987 1261 2063 potuisse
1284 1987 1399 2061 Sopho·-

221 2091 294 2150 clem
318 2088 433 2149 elucet?
486 2091 604 2148 Addere
626 2090 697 2149 licet
719 2089 895 2166 Sophoclem
926 2089 1045 2147 omnino
1078 2109 1223 2168 nusquam
1247 2109 1400 2148 servorum

222 2193 270 2253 vel
292 2210 442 2252 servarum
458 2192 580 2249 chorum
596 2191 749 2250 induxisse
772 2191 814 2267 (in
838 2191 999 2266 tragoediis
1014 2191 1143 2270 traditis)
1167 2191 1242 2265 ideo,
1265 2199 1299 2249 ut
1316 2190 1401 2249 vide-

223 2302 280 2367 tur,
304 2292 495 2370 quodminus
518 2312 620 2352 servos
643 2312 730 2372 quam
753 2295 863 2353 amicos
885 2294 935 2352 vel
965 2293 1044 2353 cives
1067 2293 1175 2353 liberos
1200 2295 1297 2366 decet,
1320 2294 1402 2370 quod

224 2396 400 2456 Aristoteles
431 2396 521 2454 choro
550 2395 657 2454 tribuit
686 2395 830 2456 officium:
854 2402 932 2472 poet.
957 2417 981 2456 c.
1007 2401 1062 2454 18:
1094 2388 1145 2452 τόν
1174 2387 1263 2473 χορὸν
1293 2388 1324 2452 δὲ
1347 2389 1403 2450 ἕνα

224 2496 271 2556 δεῖ
298 2487 460 2572 ὑπολαβεῖν
488 2498 548 2555 suiv
579 2488 752 2575 ainonensis
780 2493 829 2556 soei
860 2491 966 2575 μόριον
989 2489 1062 2556 εἶναι
1084 2499 1137 2556 τοῦ
1160 2491 1231 2556 ὅλου
1254 2492 1303 2554 καὶ
1331 2511 1403 2552 συν-

224 2596 419 2678 αγωνίζεσθαι
446 2592 487 2676 μὴ
510 2591 608 2676 ὥσπερ
625 2594 778 2680 Εὐριπίδῃ
802 2594 861 2657 ἀλλ’
886 2593 984 2679 ὥσπερ
1007 2601 1165 2674 Σοφοκλεῖ.

312 2700 409 2763 Quare
431 2701 559 2759 iambis
581 2702 682 2776 paucis
715 2703 803 2761 rebus
826 2703 949 2776 prolatis
971 2703 1193 2771 Wilamowitzii
1215 2707 1404 2778 argumenta-

225 2804 337 2862 tionem
359 2803 430 2862 satis
453 2803 595 2876 debilem,
627 2803 699 2882 quin
722 2803 810 2862 etiam
832 2822 937 2862 vanam
969 2824 1032 2862 esse
1062 2806 1291 2864 demonstratum
1314 2809 1401 2878 puto,

225 2921 323 2985 neque
344 2909 442 2964 tamen
465 2906 514 2965 hic
537 2904 772 2979 subsistendum,
803 2906 853 2964 sed
881 2906 1045 2965 accuratius
1074 2906 1205 2982 singulas
1232 2925 1334 2965 scenas
1355 2905 1404 2962 in-

226 3008 386 3086 quiramus.

311 3109 472 3185 Sophocles
494 3109 586 3185 igitur
613 3108 646 3168 in
677 3109 775 3185 priore
805 3115 888 3186 parte
921 3111 1059 3170 dramatis
1081 3112 1261 3188 Aeschylum
1285 3115 1404 3170 secutus

226 3231 290 3270 osse
305 3211 423 3271 videtur
438 3212 573 3270 Orestem
594 3211 626 3268 in
643 3211 766 3287 prologo
788 3213 931 3270 inducens
954 3215 1158 3289 prodeuntem.
1203 3213 1404 3273 Wilamowitz

226 3314 291 3373 sine
313 3332 400 3372 causa
423 3313 557 3372 Orestem
580 3313 698 3389 prodire
721 3315 886 3385 contendit;
909 3322 941 3373 at
962 3321 1157 3395 carmenque
1179 3315 1344 3374 necessaria
1365 3315 1406 3372 de

226 3434 313 3474 causa
335 3415 496 3490 Sophocles
516 3415 649 3474 Orestem
672 3415 811 3474 inducere
833 3417 864 3474 in
888 3417 1010 3491 prologo
1034 3419 1132 3477 nescio
1156 3439 1192 3475 an
1217 3425 1333 3476 coactus
1355 3415 1404 3488 sit,

226 3517 288 3577 scil.
311 3516 395 3589 ideo,
426 3518 503 3594 quod
527 3517 614 3592 plane
637 3537 744 3578 novam
767 3518 970 3576 inventionem
1001 3538 1125 3599 eamque
1157 3520 1336 3595 praeclaram
1366 3520 1405 3576 ad

226 3619 438 3696 Clytemestrae
460 3625 549 3698 atque
573 3618 706 3677 Electrae
729 3639 824 3678 mores
847 3621 1054 3680 describendos
1076 3622 1226 3698 adhibuit,
1257 3620 1406 3695 duplicem

226 3720 309 3778 illum
333 3722 448 3794 dolum,
479 3721 510 3779 in
534 3741 593 3800 qua
614 3720 788 3781 inventione
811 3742 924 3781 summa
946 3725 1008 3781 fere
1030 3743 1077 3782 ars
1099 3725 1190 3782 totius
1212 3722 1329 3781 fabulae
1352 3742 1407 3796 po-

226 3821 283 3879 sita
306 3828 436 3893 est;1·es
459 3823 536 3882 enim
561 3823 794 3898 recognitionem
817 3829 848 3882 et
869 3825 1012 3884 ultionem
1028 3827 1237 3902 praecedentes
1258 3823 1407 3899 imprimis

226 3924 282 3984 hac
304 3942 336 3981 re
360 3943 472 3982 summa
493 3946 558 3983 cum
581 3930 643 3984 arte
665 3926 813 3999 instituit,
836 3927 914 4004 quod
937 3947 996 3985 non
1020 3929 1105 3986 modo
1129 3927 1330 4004 Clytemestra,
1354 3928 1407 3984 sed

227 4045 286 4084 una
316 4044 381 4083 cum
413 4025 468 4084 hac
491 4028 608 4088 Electra
634 4049 753 4108 quoquo
785 4029 860 4087 falso
892 4031 994 4088 mortis
1017 4030 1131 4089 Orestis
1159 4009 1263 4087 nuntio
1295 4028 1409 4104 decipi·

228 4134 292 4200 tur,
322 4148 361 4186 ex
392 4147 450 4206 quo
475 4128 593 4188 Orestes
617 4131 649 4189 in
672 4129 750 4189 ludis
772 4130 926 4205 Delphicis
949 4131 1075 4205 gloriose
1098 4136 1231 4189 mortuus
1254 4137 1315 4204 est,
1347 4151 1410 4210 qua

228 4230 343 4290 ratione
375 4249 435 4289 non
466 4232 502 4288 ab
533 4231 679 4308 Aeschylo
710 4234 760 4291 sed
792 4233 976 4310 aSophocle
1006 4235 1131 4294 inventa
1161 4237 1250 4313 atque
1273 4235 1410 4300 adhibita
