3238 4956
751 288 964 375 „som

265 492 492 557 cognoscamus,
524 493 601 562 quea
622 481 755 543 animum
777 502 860 543 nuno
881 501 943 542 non
964 481 1065 542 minus
1095 500 1148 559 epe
1169 480 1328 558 impletum
1358 492 1449 562 qnam

266 590 355 646 antea
376 607 394 644 e
416 605 468 663 spe
491 585 623 645 alienum
645 604 717 663 pree
748 605 780 644 ee
802 586 881 644 ierat
911 589 943 644 et
971 586 1037 663 ipse
1059 583 1170 643 sororis
1200 603 1281 643 nuno
1302 583 1447 644 humilem

267 691 356 767 atque
378 687 539 748 demissum
555 686 685 747 animum
700 687 828 748 incitare
851 692 883 748 et
904 708 957 764 spe
971 687 1099 763 implere
1116 687 1241 746 studeat
1287 688 1351 745 Iam
1372 705 1448 746 vcro

265 808 346 850 nora
368 784 551 868 respondeam
581 789 807 866 (lhrysothemis
829 790 917 849 modo
940 809 1055 849 summa
1085 809 1138 866 spe
1161 789 1278 849 sublate
1306 808 1324 847 a
1345 808 1447 848 sorore

267 910 326 971 quo
348 891 382 951 in
405 896 484 964 statu
506 891 644 952 miseriae
659 896 819 953 versentur
840 892 936 964 docta
959 896 994 950 ut
1015 895 1104 950 entea
1126 911 1241 951 summo
1264 891 1380 966 gaudio,
1403 889 1448 950 sic

266 1013 346 1053 nunc
367 994 470 1054 dolore
492 994 599 1054 affecta
621 994 724 1054 statim
756 1012 873 1053 omnem
905 992 1034 1053 animum
1057 994 1206 1068 demittit,
1238 1013 1304 1053 cum
1326 995 1448 1053 Electra

266 1096 367 1174 paullo
389 1101 459 1156 ente
481 1097 641 1174 desperata
661 1095 721 1154 iam
744 1095 836 1155 enimi
852 1095 1032 1156 demissione
1054 1096 1162 1156 relicte
1182 1101 1267 1157 tante
1289 1095 1447 1156 atrocitate

267 1203 410 1279 tantaque
438 1199 617 1260 fortitudine
647 1198 741 1258 animi
769 1197 922 1276 rapiatur,
952 1203 988 1258 ut
1017 1217 1078 1257 une
1109 1219 1175 1258 oum
1198 1197 1448 1276 Chrysothemidc

267 1301 425 1360 coniuncta
455 1301 572 1362 lacinus
606 1301 731 1362 ultionis
764 1300 832 1377 ipsa
862 1300 1007 1378 perficere
1043 1301 1154 1361 audere
1183 1301 1268 1364 velit.
1326 1300 1448 1378 Optime

267 1407 368 1463 eutem
389 1423 450 1464 non
471 1403 572 1463 minue
594 1403 730 1464 oratione
752 1404 891 1462 Electrae
921 1403 984 1480 (vr.
1008 1402 1206 1481 947-989),
1236 1423 1328 1483 quae,
1358 1421 1449 1482 quam

266 1505 395 1566 diversis
418 1505 552 1566 moribus
574 1511 664 1586 atque
688 1505 756 1582 ipsa
777 1504 817 1564 sit
839 1505 1085 1583 Chrysothemis,
1108 1526 1167 1565 non
1190 1505 1326 1580 ignorat,
1358 1525 1449 1585 quam

268 1606 359 1666 huius
375 1606 476 1685 ipsius
499 1608 634 1668 oratione
657 1611 801 1689 sequente
823 1605 1040 1685 (eea-1014)
1063 1627 1161 1668 mores
1183 1608 1337 1684 virginum
1358 1613 1451 1685 poeta

266 1709 440 1786 descripsit,
470 1710 515 1770 ite
544 1715 579 1769 ut
610 1709 748 1792 quemvis
771 1708 1014 1786 Chrysothemidi
1037 1728 1157 1790 quoque
1180 1711 1333 1772 conciliati
1355 1711 1451 1769 simus

268 1811 370 1889 priore
391 1818 476 1890 perte
499 1833 621 1887 scenae,
652 1817 753 1873 temen
775 1818 887 1893 quanto
910 1811 1050 1872 audacior
1080 1817 1112 1872 et
1133 1813 1289 1873 liberalior
1311 1813 1451 1872 Electrae

268 1912 384 1973 animus
407 1915 448 1974 sit
462 1935 682 1992 cognoscamus.
727 1915 832 1975 Paullo
848 1919 917 1994 post
931 1935 1004 1976 vero
1021 1916 1126 1974 Oreste
1142 1915 1322 1978 adveniente
1337 1916 1449 1993 (1097)

268 2034 360 2075 scena
380 2016 435 2076 illa
457 2017 696 2096 praeclarissima
717 2019 856 2078 Electrae
883 2019 1007 2078 fratrem
1036 2022 1072 2077 ut
1093 2023 1243 2078 mortuum
1265 2017 1452 2095 deplorantis

269 2121 300 2176 et
321 2117 428 2179 vivum
460 2120 702 2194 recognoscentis
732 2119 877 2200 sequitur.
930 2120 1078 2181 Universo
1108 2121 1203 2196 igitur
1232 2119 1356 2182 consilio
1388 2138 1452 2179 non

267 2219 367 2280 minus
390 2240 479 2300 quam
502 2241 657 2283 scenarum
680 2241 818 2282 connexu
838 2227 976 2301 respecto
998 2223 1156 2302 Sophoclis
1184 2243 1273 2284 scena
1294 2227 1375 2284 certe
1396 2223 1452 2280 bo-

268 2331 370 2404 naque
390 2326 427 2385 de
449 2344 538 2386 cauea
558 2325 592 2384 in
615 2324 798 2400 tragoediam
820 2327 878 2386 hoc
898 2324 966 2402 ipso
989 2325 1054 2386 loco
1077 2325 1190 2386 inserta
1212 2331 1266 2386 est.

355 2427 550 2504 Euripideem
572 2448 645 2490 vero
662 2447 780 2487 scenam
796 2432 966 2506 spectantes
987 2447 1086 2508 neque
1109 2447 1301 2508 arcanarum
1314 2447 1451 2488 connexu

268 2548 367 2609 neque
390 2530 516 2590 coneilio
538 2531 681 2592 universo
703 2529 902 2591 necessariam
925 2550 1005 2604 esse,
1028 2530 1161 2606 singulas
1184 2536 1284 2591 autem
1304 2552 1352 2592 res
1374 2530 1451 2590 eatis

269 2630 361 2690 miros
384 2619 443 2692 vix*
459 2652 514 2709 per
536 2654 568 2693 ee
589 2633 721 2708 intelligi
742 2652 829 2712 posse
852 2632 953 2692 Manio
976 2633 1190 2711 (commentatt.
1213 2633 1317 2712 philol.
1340 2634 1371 2693 in
1393 2635 1452 2694 ho·

269 2752 373 2791 norem
405 2733 458 2791 Th.
490 2735 669 2795 Mommseni
699 2735 885 2812 scripserrmt
913 2735 1016 2810 amici,
1053 2735 1154 2794 Berlin
1189 2736 1283 2811 1877,
1313 2758 1341 2815 p.
1372 2735 1452 2814 291)

270 2835 483 2911 concedemus;
506 2837 619 2896 etenim
635 2841 819 2916 spectatores
842 2837 981 2917 quoniam
997 2839 1134 2900 Orestem
1155 2837 1243 2897 illum
1258 2838 1452 2916 peregrinum

268 2957 328 2996 non
343 2937 485 3013 ignorent
507 2941 772 3020 paedagogumque
794 2941 891 2999 solum
914 2959 988 3015 esse,
1011 2940 1065 3021 qui
1081 2941 1217 3001 Orestem
1234 2961 1448 3018 recognoscere

269 3040 382 3117 possit,
414 3045 504 3101 anteo
532 3042 574 3118 (r.
598 3043 673 3120 285)
695 3043 922 3121 pronuntiatum
950 3047 1011 3117 est,
1042 3043 1102 3103 iom
1134 3045 1216 3104 hunc
1245 3046 1452 3122 poedagogum

269 3143 479 3203 advenientem
502 3163 570 3204 cum
596 3144 729 3218 rideant,
750 3164 852 3205 nonne
873 3144 1109 3220 recognitionem
1132 3152 1317 3221 eventuram,
1340 3146 1451 3225 paede-

269 3263 378 3319 gogum
405 3246 525 3320 stetim,
553 3245 606 3307 ubi
627 3247 676 3306 illi
698 3246 799 3308 nuntii
822 3248 938 3308 Orestis
961 3248 1037 3321 sint,
1071 3249 1277 3329 quaesiturum
1309 3269 1373 3309 esse
1395 3269 1453 3307 ex·

270 3346 428 3423 spectent?
471 3347 560 3413 Quod
580 3348 624 3408 ita
638 3369 699 3408 non
713 3350 802 3424 fingit
823 3355 921 3429 poete,
945 3355 980 3410 ut
1001 3371 1120 3412 scenam
1142 3351 1266 3427 inseret,
1288 3350 1454 3432 quenihil

269 3450 333 3510 fere
356 3449 436 3510 effici
458 3450 596 3524 videtur,
629 3452 689 3511 nisi
717 3457 752 3512 ut
773 3454 959 3532 Aeschylum
987 3454 1119 3516 irrideat.
1162 3454 1322 3516 Rationem
1346 3453 1454 3530 vipsam

270 3556 380 3627 eutem,
403 3572 462 3633 que
483 3553 609 3614 irrideat
630 3555 790 3635 Euripides
805 3557 1000 3636 Aeschylum,
1022 3555 1095 3617 satis
1117 3556 1232 3632 miram,
1253 3557 1318 3619 fere
1339 3556 1454 3617 ridicu·

269 3655 329 3714 lam
359 3676 424 3716 esse
446 3659 518 3717 llau
547 3661 630 3718 recte
658 3663 768 3718 monet
821 3661 899 3719 Nam
929 3659 1042 3720 cirrum
1063 3659 1179 3738 ipsum,
1212 3659 1297 3720 cuius
1319 3661 1454 3720 colorem

198 3745 204 3750 ¹
270 3757 403 3834 aspicere
432 3759 554 3821 iubetur
584 3761 721 3835 Electra,
752 3761 806 3824 vix
836 3781 936 3822 secum
965 3761 1037 3822 tulit
1065 3764 1254 3841 paedagogus
1286 3764 1454 3842 eodemque

270 3867 435 3935 momento,
466 3882 525 3942 quo
556 3863 622 3942 ipse
650 3867 688 3925 eb
718 3865 838 3926 Electra
867 3865 1029 3943 accersitus
1062 3870 1108 3926 est
1130 3867 1245 3926 Orestis
1275 3865 1456 3925 nuntiorum

270 3983 367 4037 causa,
389 3965 467 4024 hano
489 3967 674 4041 adhortatur,
697 3972 733 4028 ut
754 3969 873 4028 adomo
894 3970 990 4040 ebert,
1012 3969 1160 4027 tumulum
1182 3967 1278 4046 patrie
1299 3988 1360 4028 non
1381 3988 1457 4046 pro-

270 4066 418 4146 pinquum
449 4067 536 4128 adeat
557 4069 727 4150 pedumque
756 4069 888 4145 vestigia
910 4069 1078 4144 examinet,
1110 4071 1190 4149 qued
1211 4070 1285 4132 satie
1308 4070 1458 4142 offendit;

270 4169 365 4229 vestis
387 4168 519 4249 denique
542 4177 772 4233 commemorate
794 4177 879 4232 tante
900 4173 934 4233 vi
956 4175 1079 4234 obtrusa
1101 4178 1163 4247 est,
1196 4177 1231 4232 ut
1252 4172 1322 4233 illos
1345 4193 1460 4235 versus

271 4273 418 4362 quomodo
441 4272 601 4352 Euripides
623 4293 801 4354 componere
823 4275 960 4354 potuerit
981 4275 1105 4338 omnino
1126 4275 1182 4339 rix
1203 4275 1462 4360 intelligeremus,
