3238 4956
679 325 891 404 ,57-

281 509 363 576 Quae
386 514 479 574 verba
501 517 599 573 autem
631 513 662 573 in
686 513 858 573 uuiversum
891 513 1072 574 dictasunt
1102 498 1138 571 de
1162 513 1374 590 Clytemestrae

192 617 325 676 moribus
348 637 399 676 vv.
429 616 654 688 lore-1085,
686 637 720 675 ea
747 635 865 696 quoque
895 616 938 674 ita
960 615 1128 689 intelligere
1151 616 1236 687 licet,
1266 621 1319 688 ut,
1349 615 1375 672 si

194 719 262 796 quis
285 719 427 779 universa
448 719 628 778 refutatione
651 738 755 778 causae
779 719 957 778 Cassandrae
979 738 1038 776 non
1061 723 1217 776 contentus
1241 718 1297 790 sit,
1319 718 1375 790 his,

193 841 283 899 quam
299 841 376 879 vana
392 826 422 879 et
436 819 521 879 irrita
536 820 589 880 illa
604 822 737 880 defensio
754 821 965 896 Clytemestrae
980 821 1081 893 fuerit,
1102 826 1257 897 appareat;
1283 840 1375 898 quare

193 924 236 997 fit,
259 929 293 982 ut
314 923 404 998 plane
427 922 503 980 nihil
528 923 729 982 excusationis
753 924 964 1000 Clytemestrae
987 928 1089 983 restet.

280 1027 420 1084 Extrema
436 1029 533 1083 autem
549 1044 618 1100 pars
634 1026 776 1084 orationis
798 1027 933 1085 Electrae
948 1025 1128 1102 Euripideae
1144 1046 1192 1085 vv.
1211 1030 1291 1084 1086
1309 1045 1374 1103 sqq.

192 1127 303 1206 repetit
325 1147 368 1198 ea,
392 1147 467 1206 quae
490 1109 654 1203 Sophoclea
677 1129 794 1188 Electra
817 1130 934 1187 dixerat
957 1149 1005 1188 vv.
1031 1129 1090 1187 577
1115 1149 1191 1206 sqq„
1214 1127 1272 1186 nisi
1296 1129 1375 1205 quod

191 1229 327 1304 singulae
349 1250 396 1289 res
419 1235 449 1288 et
471 1231 561 1287 verba
583 1233 661 1305 apud
679 1231 850 1308 Euripidem
873 1231 1052 1308 amplificata
1075 1236 1105 1290 et
1128 1235 1214 1290 aucta
1236 1233 1314 1302 sunt,
1337 1230 1373 1287 cf.

194 1332 285 1409 Soph.
312 1337 390 1391 589:
422 1325 492 1400 τοός
521 1327 552 1390 δὲ
575 1327 708 1410 πρόσθεν
731 1328 863 1409 εὐσεβεῖς
885 1327 940 1404 κᾶξ
964 1329 1096 1408 εὐσεβῶν
1126 1325 1307 1408 βλαστόντας
1329 1327 1374 1388 ἐκ·

194 1432 317 1509 βαλοῦσ’
339 1431 412 1509 ἔχεις
435 1455 500 1494 cum
525 1437 593 1493 Eur.
620 1436 700 1493 1087
726 1456 807 1516 sqq:
841 1429 898 1515 ἒγοδ
921 1435 950 1494 τί
971 1435 996 1492 σ’
1020 1427 1135 1510 ridiaqo'
1158 1428 1228 1510 ἐμός
1254 1452 1284 1490 τε
1306 1425 1374 1510 σόγ-

192 1557 299 1614 γονοςς
323 1538 387 1604 πῶς
407 1529 444 1595 ori
462 1581 467 1594 .
485 1582 491 1595 .
511 1530 716 1616 ..πατρῴους
739 1532 850 1618 δόμους
872 1531 944 1614 ἡμῖν
967 1538 1129 1616 προςῆψας
1151 1544 1206 1596 etc.
1230 1543 1261 1595 et
1282 1537 1373 1611 Soph.

193 1645 270 1698 582:
300 1636 327 1696 εἰ
348 1631 403 1716 γδρ
427 1641 587 1716 κτενοῦμεν
610 1631 696 1698 ἄλλον
719 1632 780 1697 ἀντ’
803 1632 907 1713 datos,
938 1638 977 1698 ον’
999 1662 1043 1698 τοι
1068 1639 1170 1718 πρώτη
1193 1634 1304 1706 θοῖνοις
1328 1629 1373 1708 όν,

192 1738 220 1797 εἰ
242 1740 327 1816 δίκης
349 1761 380 1818 γε
402 1734 556 1818 τυγχάνοις
572 1763 636 1801 cum
653 1744 721 1801 Eur.
738 1747 835 1802 1093:
859 1740 924 1802 εἶδ’
943 1738 1100 1818 ἀμείψεται
1123 1737 1222 1816 φόνον
1246 1731 1373 1811 δικάζων

191 1836 297 1914 φόνος,
321 1836 475 1901 ἀποκτενῶ
491 1840 515 1901 σ’
533 1837 589 1922 ἐγώ
605 1841 655 1902 καὶ
671 1848 743 1913 παῖς
757 1837 893 1923 Ὀρέστης
909 1843 995 1922 πατρὶ
1013 1839 1252 1922 τιμωροόμενοι·
1276 1840 1301 1900 εἰ
1316 1834 1372 1920 μόρ

192 1941 282 2001 δίκαι’
307 1942 413 2016 ἐκεῖνα,
437 1942 486 2003 καὶ
509 1939 572 2004 τόδ’
596 1943 706 2004 ἔνδικα.
762 1948 821 2008 Sed
843 1949 917 2008 haec
938 1950 1081 2007 hacteuus
1104 1948 1140 2006 de
1163 1949 1217 2005 hac
1241 1945 1374 2005 oratione

195 2047 375 2122 Euripideae
398 2038 550 2122 Electrae,
574 2070 633 2126 qua
656 2050 823 2126 Euripides,
847 2057 880 2110 ut
901 2050 977 2108 mihi
1000 2050 1118 2128 quidem
1139 2050 1266 2122 videtur,
1290 2067 1376 2123 supe-

190 2169 258 2207 rare
282 2152 380 2208 studet
400 2151 577 2227 Sophoclem
593 2152 716 2230 eiusque
733 2153 868 2212 Electrae
885 2153 1063 2226 orationem;
1087 2153 1146 2210 iam
1169 2152 1194 2210 si
1217 2155 1374 2228 sequentes

190 2272 296 2310 versus
312 2253 523 2330 Clytemestrae
541 2255 626 2329 legis,
648 2255 681 2313 in
704 2257 875 2314 memoriam
898 2255 954 2314 tibi
976 2275 1105 2328 revoces,
1130 2273 1205 2332 quae
1227 2275 1256 2329 p.
1273 2257 1312 2310 53
1330 2273 1373 2330 eq.

189 2353 327 2427 disserui,
351 2376 438 2433 quam
454 2359 600 2414 contraria
616 2357 772 2417 universae
799 2343 940 2418 dramatis
964 2358 1149 2417 oeconomiae
1165 2377 1254 2416 scena
1272 2359 1374 2414 nostra

190 2464 221 2516 et
244 2478 332 2535 quam
355 2478 415 2516 non
438 2465 508 2533 apta
530 2459 680 2518 connexui
705 2481 859 2519 scenarum
882 2461 937 2534 sit,
961 2460 1092 2536 singulas
1114 2467 1212 2519 autem
1236 2479 1282 2517 res
1305 2478 1373 2516 con·
1464 2463 1467 2468 “

189 2560 362 2619 certationis
385 2561 438 2619 vix
468 2562 597 2637 intelligi
627 2583 714 2638 posse
744 2563 886 2639 Euripide
919 2565 981 2622 solo
1005 2569 1147 2640 respecto.
1193 2561 1272 2625 Quas
1295 2561 1372 2619 diffi-

189 2664 316 2722 cultates
339 2685 441 2722 ornnes
464 2685 640 2725 evanescere
663 2668 855 2742 comprobare
878 2666 994 2740 studui,
1017 2666 1069 2724 ubi
1091 2665 1266 2742 Sophoclem
1290 2669 1373 2723 ante·

188 2765 312 2824 cessisse
335 2787 462 2844 eumque
486 2770 716 2843 oppugnandum
750 2789 782 2827 ac
806 2771 1005 2844 superandum
1029 2769 1203 2844 Euripidem
1225 2767 1282 2826 sibi
1305 2786 1373 2843 pro·

190 2867 326 2943 posuisse
349 2875 486 2944 putemus
519 2871 622 2948 (atque
645 2872 778 2929 conferas
801 2891 918 2930 scenam
941 2870 1104 2946 paedagogi
1127 2873 1162 2928 ab
1186 2871 1304 2929 Electra
1326 2887 1373 2926 re·

187 2970 298 3042 futati,
322 2993 409 3049 quam
432 2993 485 3048 per
507 2973 655 3048 seipsam
679 2974 798 3032 omnino
822 2967 881 3032 non
904 2973 1128 3046 intelligendam
1151 2971 1234 3030 nulla
1256 2970 1313 3028 alia
1335 2970 1372 3028 de

190 3093 288 3146 causa,
321 3075 378 3132 uisi
401 3080 435 3134 ut
458 3076 637 3152 Aeschylum
660 3076 807 3148 irrideret,
833 3076 1006 3152 Euripidem
1029 3075 1189 3134 inseruisse
1218 3073 1371 3150 vidimus).

189 3176 277 3238 Quod
300 3177 325 3234 si
348 3184 428 3237 recte
451 3179 682 3238 demonstratum
706 3185 757 3250 est,
781 3180 869 3238 huius
893 3179 1071 3254 Euripideae
1093 3197 1199 3237 scenae
1222 3196 1372 3252 compara·

188 3279 272 3338 tione
296 3300 360 3337 cum
384 3281 547 3356 Sophoclea
571 3281 722 3340 simillima
744 3282 882 3341 instituta
899 3279 1071 3358 Euripidem
1093 3281 1285 3356 posteriorem
1309 3299 1372 3338 esse

186 3383 249 3440 iam
272 3401 331 3440 non
355 3383 449 3441 solum
472 3404 525 3458 pro
549 3383 715 3457 verisimili,
746 3387 798 3444 sed
821 3385 909 3443 etiam
939 3405 992 3465 pro
1024 3389 1104 3442 certo
1128 3385 1295 3443 habendum
1318 3387 1371 3444 est.

277 3485 332 3543 Sed
356 3506 393 3543 ne
417 3485 489 3564 quid
513 3486 690 3559 omittamus,
714 3487 885 3566 priusquam
909 3490 944 3546 ad
967 3489 1056 3546 finem
1071 3484 1283 3562 disputationis
1306 3504 1371 3560 per-

186 3587 377 3660 venerimus,
408 3592 500 3647 restat
529 3595 561 3647 ut
583 3591 618 3647 ad
642 3590 729 3648 aliam
752 3609 904 3650 scenarum
929 3589 1164 3660 similitudinem,
1188 3607 1276 3664 quam
1299 3586 1372 3645 Eib-

186 3689 265 3746 beck
288 3690 366 3748 idem
389 3688 499 3765 tetigit,
521 3697 713 3754 transeamus.

275 3791 407 3870 Uterque
437 3793 517 3851 enim
547 3799 635 3869 poeta
665 3794 865 3854 narrationem
898 3796 1045 3872 quandam
1076 3791 1175 3851 nuntii
1205 3795 1371 3852 accuratam

187 3894 306 3953 fabulae
329 3915 398 3953 suae
420 3894 557 3966 inseruit,
580 3895 745 3956 cuiusmodi
768 3896 952 3955 narrationes
976 3897 1011 3954 de
1034 3897 1122 3955 rebus
1146 3903 1231 3954 extra
1254 3914 1371 3952 scenam

188 3997 240 4058 vel
263 3995 408 4057 actionem
430 3998 526 4073 ipsam
549 3999 640 4072 gestis
662 3999 834 4074 saepissime
857 3997 1010 4072 atragicis
1033 3997 1124 4056 inseri
1148 3998 1259 4070 solent,
1282 4001 1372 4074 atque

187 4099 351 4174 Sophocles
375 4100 494 4178 quidem
518 4101 654 4159 versibus
677 4103 865 4172 ecl-763,
888 4100 997 4178 quibus
1020 4101 1208 4175 paedagogus
1232 4098 1369 4157 nuntium

188 4203 226 4259 de
242 4201 355 4261 Orestis
371 4207 465 4262 morte
480 4204 587 4262 falsum
604 4204 703 4276 refert,
728 4211 757 4262 et
772 4203 930 4279 Euripides
952 4204 1088 4262 versibus
1106 4203 1283 4273 774—858,
1307 4199 1373 4278 qui-

187 4306 244 4362 bus
269 4304 383 4365 Orestis
406 4325 509 4366 servus
532 4306 582 4367 yel
605 4325 701 4365 eomes
725 4308 843 4367 eaedem
859 4305 997 4380 Aegisthi
1021 4306 1155 4378 nuntiat;
1179 4323 1303 4382 quorum
1326 4322 1372 4361 ar-
