3238 4956
754 293 966 376 2-14„

271 477 384 546 Orestis
406 479 610 561 ah·Aegistho
640 504 694 562 per
717 477 941 562 Clytemestram
971 482 1091 557 adiuto,
1122 501 1210 562 quam
1232 479 1282 542 hio
1305 478 1363 543 sibi
1385 497 1451 542 oon·

272 589 426 648 eiliaverat
448 595 539 668 atque
562 607 688 668 quaeum
711 587 889 648 adulterium
911 587 1114 659 eommisarat,
1137 584 1299 658 ooaiditur,
1334 585 1451 644 Orestes

273 697 371 750 autem
399 693 435 751 de
466 690 560 767 patris
589 689 831 753 interfectoribus
863 689 1006 768 ultionem
1037 688 1129 748 sumit
1159 707 1214 747 suo
1235 687 1309 747 iure.
1353 690 1452 765 Atque

272 794 349 851 hano
379 812 441 852 rem
469 793 527 852 sibi
557 791 746 870 proposuisse
767 791 889 854 videtur
911 797 1020 869 poeta,
1050 797 1084 850 ut
1106 797 1303 867 spectatores,
1333 788 1386 847 ubi
1416 789 1452 847 ad

272 895 363 955 finem
385 898 529 971 perduota
560 895 600 954 ait
621 894 738 968 fabula,
769 913 785 952 a
812 894 975 954 liberorum
1004 897 1088 970 parto
1111 898 1241 966 stantes,
1275 893 1354 969 quod
1377 895 1453 965 Aga-

273 997 439 1058 memnonis
460 997 563 1057 libaria
585 1003 619 1057 ut
640 1002 755 1074 patrem
777 996 991 1057 ulciscerentur
1013 994 1191 1070 eontigerit,
1222 995 1387 1064 laetentur,
1409 992 1452 1049 ul-

273 1099 385 1159 donem
406 1099 504 1176 ipsam
525 1099 634 1160 iustam
657 1105 763 1176 putent
793 1105 824 1158 et
853 1098 918 1158 fieri
951 1118 1012 1158 nou
1045 1097 1178 1175 potuisse
1199 1114 1372 1172 persuasum
1402 1097 1453 1152 ha-

273 1203 381 1275 beant,
411 1202 485 1280 quin
506 1203 565 1262 hoo
586 1201 765 1278 supplioinm
786 1202 891 1263 darent
919 1201 966 1261 illi
987 1201 1194 1261 interfeotores
1216 1197 1454 1273 Agamemnonis.

275 1304 342 1361 Hoa
364 1309 411 1364 ast
431 1304 587 1364 eonsilium
608 1303 762 1380 Sophoclis
785 1304 975 1377 universnm,
1006 1303 1039 1361 in
1062 1303 1142 1382 quod
1163 1320 1264 1360 omnes
1286 1320 1333 1358 res
1354 1300 1456 1375 singu-

274 1405 318 1464 las
341 1407 500 1467 eonvenira
522 1413 613 1485 puto,
644 1409 723 1485 quod
744 1407 892 1483 imprimis
922 1427 960 1467 ex
982 1405 1196 1465 mutationibus
1217 1402 1367 1464 universis
1388 1421 1456 1478 per·

274 1526 413 1568 sonarum
438 1513 469 1568 et
490 1509 616 1569 aetionis
638 1511 849 1585 eognoseimus,
874 1509 982 1588 quibus
1004 1511 1041 1568 ab
1064 1506 1214 1586 hesohylo
1235 1504 1371 1564 decessit.

360 1612 437 1671 Nam
459 1611 589 1688 primum
611 1611 732 1690 quidem
755 1611 897 1671 dramatis
927 1611 1022 1689 ipsius
1052 1610 1165 1688 primas
1196 1617 1296 1685 partes
1321 1615 1478 1690 agentem*

276 1732 335 1772 non
356 1719 416 1772 tam
440 1713 577 1774 Orestem
600 1734 689 1794 quam
711 1715 861 1775 Eleotram
883 1714 1020 1788 induxit,
1050 1714 1083 1771 in
1115 1712 1198 1772 euius
1225 1729 1322 1770 mores
1351 1708 1458 1784 depin-

276 1817 387 1890 gendos
409 1836 552 1888 summam
575 1824 669 1877 artem
691 1817 837 1892 adhibuit,
859 1816 904 1877 ita
924 1822 959 1876 ut
980 1822 1042 1877 tota
1057 1815 1159 1874 fabula
1172 1814 1262 1873 huius
1284 1811 1373 1871 unius
1395 1813 1457 1869 lere

276 1936 420 1993 personae
442 1938 530 1978 eausa
551 1921 686 1979 eonfeota
707 1919 861 1993 videatur,
901 1939 976 1999 quae
999 1919 1121 1996 prologo
1144 1927 1174 1976 et
1195 1935 1282 1975 saeua
1305 1919 1375 1973 ante
1396 1933 1458 1972 ma·

275 2020 331 2079 tris
353 2021 474 2081 eaedem
506 2023 640 2100 exeeptis
672 2024 709 2080 ab
730 2021 818 2082 initio
840 2041 936 2102 usque
959 2022 996 2080 ad
1021 2022 1111 2080 finem
1140 2021 1172 2078 in
1196 2037 1283 2078 soena
1304 2021 1459 2089 versatum

276 2123 308 2180 id
330 2123 410 2203 quod
431 2123 539 2183 summi
561 2125 704 2184 momenti
734 2129 780 2184 est
807 2127 845 2184 ad
877 2123 1050 2184 universum
1082 2122 1245 2184 eonsilium.
1290 2120 1367 2179 Nam
1391 2140 1458 2179 aum

276 2226 328 2286 ille
352 2226 397 2285 vir
419 2225 450 2284 in
473 2225 606 2302 Strophii
627 2227 751 2287 aedibus
773 2247 832 2286 una
854 2247 918 2289 oum
942 2227 1055 2304 Pylade
1078 2226 1227 2286 adolosoat
1249 2243 1266 2282 a
1288 2225 1459 2299 paedagogo

278 2327 335 2386 fido
358 2330 515 2402 educatus,
546 2329 663 2388 Electra
691 2329 725 2388 in
754 2329 861 2406 patriis
890 2330 1013 2389 aedibus
1041 2346 1198 2388 remanens
1219 2331 1342 2404 propter
1364 2327 1459 2402 patris

277 2429 368 2490 eooisi
398 2431 526 2502 luetum,
558 2431 660 2490 fratris
689 2433 820 2492 absentis
849 2452 995 2506 amoram,
1026 2432 1239 2508 Clytemestrae
1266 2429 1397 2508 denique
1429 2435 1460 2487 et

278 2532 416 2607 Aegisthi
438 2533 539 2592 odium
561 2552 621 2592 non
644 2535 781 2609 oelatum,
804 2554 929 2614 quorum
950 2535 1029 2594 faeta
1048 2536 1177 2611 superba
1192 2531 1325 2612 quotidie
1340 2530 1457 2606 aspieit,

277 2635 425 2711 permulta
446 2636 526 2695 mala
546 2635 659 2712 patitur
673 2636 802 2716 ideoque
817 2637 918 2697 statim
939 2639 977 2696 ab
993 2635 1090 2710 initio,
1111 2637 1161 2696 ubi
1185 2635 1313 2713 primum
1336 2632 1459 2710 prodiit,

277 2737 407 2796 maxime
428 2737 537 2797 idonea
559 2744 612 2812 est,
636 2759 712 2819 quae
734 2739 848 2799 animos
871 2746 986 2800 nostros
1009 2739 1156 2813 eonoiliet,
1178 2736 1379 2798 miserioordia
1399 2736 1457 2794 for·

278 2845 370 2899 tunae
399 2859 469 2900 suae
498 2847 697 2916 commoveat,
727 2842 924 2903 admiratione
946 2848 1046 2902 autem
1068 2842 1160 2902 animi
1181 2840 1269 2901 fortis
1293 2839 1339 2899 sui
1368 2845 1459 2918 atqua

278 2943 386 3002 atroois
412 2943 553 3020 impleat;
588 2962 645 3023 quo
677 2945 811 3022 praedita
840 2965 940 3025 noque
969 2944 1227 3005 adhortationibus
1257 2942 1359 3015 chori,
1387 2941 1408 3004 i.
1433 2961 1460 3002 e.

278 3046 453 3119 amicarum,
486 3066 584 3125 neque
606 3048 714 3106 sororis
736 3047 874 3124 precibus
901 3067 1000 3128 nequa
1020 3047 1209 3107 inimieorum
1231 3045 1323 3104 minis
1346 3042 1460 3120 gravis·

277 3147 360 3205 simis
382 3149 557 3222 deterretur,
580 3149 737 3228 quominus
759 3156 873 3226 patrem
896 3169 1011 3226 semper
1028 3155 1171 3229 queratur
1192 3149 1316 3228 eiusque
1339 3147 1458 3206 eaedem

279 3249 368 3308 matri
390 3249 450 3325 ipsi
471 3251 632 3328 opprobrio
654 3251 761 3326 iaoiat;
784 3272 818 3312 ao
844 3273 881 3313 ne
903 3252 1007 3313 fratris
1030 3252 1165 3332 quidem,
1197 3251 1230 3311 in
1261 3270 1320 3330 quo
1343 3269 1460 3308 omnem

279 3370 361 3426 spem
384 3352 501 3428 posuit,
534 3354 644 3413 mortui
675 3355 780 3414 nuntio
812 3355 886 3416 falso
915 3356 1004 3416 allato
1027 3355 1206 3432 deprimitur
1235 3355 1279 3413 ita
1308 3359 1343 3412 ut
1375 3371 1460 3411 aso-

277 3472 345 3512 rora
368 3455 483 3514 deserta
512 3457 572 3514 iarn
603 3455 670 3532 ipsa
700 3457 762 3517 sola
792 3457 938 3518 ultionem
968 3457 1047 3537 patri
1077 3457 1208 3518 debitam
1240 3474 1356 3515 sumere
1385 3455 1461 3514 velit

279 3555 321 3633 (v.
347 3557 462 3635 1019);
502 3565 592 3636 atque
621 3563 656 3618 ut
685 3559 872 3620 atrooitatem
904 3567 935 3621 et
963 3561 1171 3622 fortitudinem
1201 3557 1294 3619 animi
1323 3559 1460 3618 Eleotrae

279 3659 468 3733 admiramur,
489 3660 533 3720 sio
554 3661 679 3721 eandem
701 3663 831 3738 puellam
853 3683 968 3723 summo
989 3683 1088 3724 amora
1109 3663 1213 3723 fratris
1233 3662 1389 3738 impletam
1405 3661 1461 3719 im-

279 3760 383 3836 primis
405 3764 437 3820 in
459 3763 498 3822 iis
520 3764 617 3823 aeonis
639 3765 800 3841 praeclaris
821 3765 978 3841 videmus,
1000 3747 1108 3845 quihus
1131 3764 1247 3825 Orestis
1268 3764 1398 3825 oinerem
1420 3762 1460 3822 si-

279 3865 421 3923 mulatum
444 3867 475 3924 in
497 3867 635 3928 manibus
650 3874 755 3928 tenens
777 3869 922 3945 deplorat,
944 3870 1033 3947 paulo
1055 3876 1124 3947 post
1141 3873 1240 3928 autem
1255 3867 1390 3927 Orestem
1413 3885 1462 3925 rs-

280 3967 432 4042 oognitum
455 3968 573 4031 salutat.

365 4071 499 4130 Electrae
522 4078 621 4132 autem
653 4073 786 4134 animum
816 4082 906 4155 atque
935 4095 1031 4135 mores
1054 4073 1257 4135 admirabiles
1285 4093 1344 4152 quo
1367 4071 1462 4147 magis

280 4173 430 4233 eludentes
451 4175 557 4234 reddat
579 4175 747 4252 Sophoelee,
770 4179 858 4238 utin
881 4178 1031 4253 Antigona
1053 4179 1217 4250 Ismenam,
1241 4176 1285 4237 aio
1306 4177 1340 4235 in
1362 4182 1464 4235 nostra

280 4276 381 4340 fabula
408 4276 661 4362 Chrysothemidis
689 4299 847 4356 personam
881 4279 1018 4358 induxit,
1058 4299 1135 4364 quaa
1164 4281 1303 4341 Eleotraa
1329 4277 1464 4340 moribus
