3238 4956
690 313 731 323 -
775 272 907 344 39...

191 437 386 512 unmotiviert
415 450 470 523 ist,
502 450 550 508 bei
582 450 740 528 Euripides
771 451 803 508 in
836 451 1033 512 natiirlicham
1067 454 1127 512 und
1159 453 1378 528 notwendigem
1454 520 1456 526 .

191 553 447 626 zusammenhang
468 553 576 626 steht“,
599 558 691 631 atque
714 553 813 629 paullo
835 559 992 633 postquam
1016 574 1055 612 ex
1077 555 1134 613 alio
1150 556 1376 630 argumentandi

192 673 299 729 genere
322 655 409 712 aliam
433 673 549 713 causam
573 655 610 713 ad
633 675 714 714 suam
737 657 916 716 sententiam
940 657 1135 718 adiuvandam
1158 658 1315 733 prompsit,
1338 659 1374 716 de

192 776 250 836 qua
272 777 325 815 suo
347 757 413 816 loco
437 755 539 829 dicam,
562 757 662 818 verbis
685 756 847 817 concludit:
873 758 1028 832 „Eolglioh
1050 759 1090 818 ist
1111 759 1159 817 die
1176 758 1301 818 Elektra
1323 761 1374 817 des
1432 777 1442 796 ⁶

192 859 359 935 Sophokles
381 857 436 917 mit
451 858 600 918 Kenntnis
623 859 674 916 der
693 859 941 934 Euripidaischen
964 860 1114 934 gedichtet
1136 862 1206 919 oder
1228 861 1374 921 vielmehr

193 961 284 1020 durch
307 960 436 1020 disselbe
459 959 651 1020 veranlasst“.
704 961 853 1020 Summam
886 961 979 1036 igitur
1009 962 1096 1021 fidem
1129 965 1219 1023 habet
1248 962 1299 1021 ille
1327 962 1376 1022 vir

192 1082 261 1128 suae
282 1061 550 1137 argumentationi:
574 1062 727 1141 quaerenti
753 1067 861 1136 autem,
884 1063 991 1142 quibus
1013 1064 1159 1140 imprimis
1181 1066 1269 1123 rebus
1292 1065 1374 1123 nisus

191 1165 390 1226 Wilamowita
414 1164 585 1241 Euripidem
608 1165 736 1240 priorem
760 1185 824 1225 esse
846 1167 1023 1240 arbitretur,
1055 1169 1119 1244 ipse
1150 1166 1202 1225 illo
1232 1167 1296 1226 loco
1328 1187 1374 1226 re-

191 1269 318 1344 spondet
355 1267 456 1342 paucis
494 1267 594 1328 verbis
633 1285 686 1339 aa,
730 1285 805 1346 quae
838 1273 927 1328 antea
956 1269 1122 1328 accuratius
1163 1268 1373 1344 explicaverat,

192 1370 381 1445 complexus:
424 1369 493 1428 Scin
524 1369 600 1446 (scil.
632 1369 798 1446 Euripidis,
831 1369 883 1449 qni
914 1372 1076 1447 opponitur
1105 1371 1258 1450 Sophocli)
1296 1371 1374 1429 Chor

191 1471 343 1532 motiviert
365 1472 428 1530 sein
459 1473 633 1542 Austreten,
665 1472 725 1528 und
754 1472 803 1530 fiir
832 1471 887 1530 ihu
916 1491 978 1533 war
1000 1473 1048 1532 die
1072 1472 1297 1547 Vertauschung
1319 1472 1373 1531 mit

191 1575 337 1632 M'adohsn
367 1593 426 1633 von
455 1575 553 1647 Argos
584 1572 894 1646 selbstverstitndlich3
932 1575 997 1633 sein
1029 1574 1117 1633 Orest
1145 1574 1198 1633 hat
1226 1573 1268 1631 im
1300 1575 1371 1633 Pro·

190 1676 239 1750 log
262 1676 315 1734 auf
335 1677 386 1734 dor
408 1676 513 1734 Biihna
540 1683 632 1736 etwas
662 1695 699 1732 zu
728 1676 857 1749 cuchen,
888 1677 968 1736 muse
1001 1677 1048 1735 die
1071 1676 1193 1736 Elektra
1225 1677 1274 1735 fur
1305 1676 1371 1735 eine

191 1778 315 1837 Sklavin
331 1778 433 1837 halten
455 1778 514 1835 und
542 1778 619 1836 mula
635 1777 699 1836 sich
715 1783 775 1836 erst
790 1780 863 1837 iiber
879 1780 926 1838 die
943 1778 1149 1840 Verhbltnisse
1164 1778 1371 1850 orientieren“,

191 1899 256 1939 cum
272 1879 427 1956 Sophoclis
443 1881 576 1939 Orestem
600 1878 682 1937 nulla
704 1881 739 1938 de
762 1899 850 1938 causa
871 1882 990 1958 prodire
1010 1886 1106 1958 putet,
1128 1900 1222 1960 aeque
1245 1900 1279 1940 ac
1301 1882 1371 1940 oho-

189 1997 262 2054 rum,
287 2001 375 2060 quem
398 1983 462 2040 sine
484 2001 571 2040 causa
592 2001 646 2058 pro
665 1980 841 2058 Aeschyleis
861 1982 957 2044 servis
979 1983 1087 2042 amicas
1109 1983 1252 2042 finxisset.

275 2083 348 2142 Tres
369 2084 461 2159 igitur
490 2087 559 2142 sunt
587 2101 651 2156 res,
683 2083 791 2162 quibus
822 2105 892 2144 usus
922 2105 1004 2144 suam
1036 2086 1212 2145 sententiam
1243 2086 1369 2160 probare

191 2188 308 2259 studet3
332 2187 382 2244 sed
398 2185 498 2244 nescio
520 2204 558 2242 an
572 2185 790 2260 argumentatio
813 2187 877 2246 eius
899 2189 955 2246 hoc
977 2187 1051 2248 vitio
1069 2187 1192 2259 laboret,
1216 2189 1294 2265 quod
1317 2207 1368 2246 ne·

190 2308 247 2368 que
277 2288 458 2366 Aeschylum
489 2293 704 2348 antecessorem
742 2306 840 2366 neque
877 2289 1034 2349 consilinm
1067 2289 1238 2349 uuiversum
1270 2308 1368 2369 neque

188 2391 341 2466 ingenium
356 2390 507 2467 proprium
524 2395 628 2465 poetae
644 2391 716 2448 satis
730 2389 873 2466 respexit.
919 2389 1017 2455 Quare
1039 2391 1082 2465 fit,
1104 2397 1139 2451 ut
1160 2411 1225 2452 mea
1248 2392 1366 2471 quidem

188 2493 337 2554 sententia
359 2513 460 2552 omnes
482 2493 551 2552 illae
572 2513 620 2551 res
642 2497 694 2552 aut
715 2492 773 2550 iam
795 2492 942 2552 refutatae
965 2495 1026 2553 sint
1047 2498 1099 2553 aut
1120 2493 1192 2554 satis
1214 2491 1301 2552 facile
1323 2513 1371 2552 re·

187 2596 278 2654 futuri
308 2597 432 2672 possint.
493 2598 592 2673 Atque
626 2595 737 2671 primae
767 2594 887 2674 quidem
918 2615 1040 2670 causae,
1078 2598 1156 2676 quod
1186 2594 1370 2672 Sophoclem

189 2698 309 2758 Orestes
331 2699 396 2757 sine
419 2717 505 2757 causa
527 2698 669 2772 prodeat,
699 2696 763 2773 ipse
785 2717 845 2755 non
869 2716 1008 2772 magnum
1030 2703 1213 2758 momentum
1235 2698 1367 2756 tribuere

187 2801 322 2873 videtur,
357 2799 497 2881 quoniam
519 2800 596 2857 hano
618 2818 680 2858 rem
703 2819 742 2858 ex
764 2798 903 2858 universo
926 2801 1099 2877 posterioris
1121 2799 1290 2874 tragoediae
1312 2820 1367 2859 usu

188 2903 311 2962 effluere
334 2903 465 2979 potuisse
487 2903 551 2976 ipse
575 2901 710 2961 concedit
737 2906 768 2960 et
788 2901 956 2978 exemplum
980 2903 1165 2962 Philoctetae
1195 2906 1226 2961 at
1245 2902 1367 2962 Trachi-

188 3005 303 3064 niarum
326 3006 432 3077 affert;
463 3010 680 3083 neque·tamen
711 3004 747 3062 ad
771 3003 907 3079 exempla
929 3023 1079 3064 recurrere
1110 3025 1184 3080 opus
1206 3009 1267 3077 est;
1299 3023 1367 3063 narn

188 3109 266 3186 quod
283 3105 482 3168 Wilnmowitz
502 3107 558 3165 hac
580 3107 616 3164 de
632 3124 720 3165 scena
734 3105 821 3182 plane
837 3105 980 3181 neglexit,
1003 3106 1164 3184 Sophocles
1186 3125 1247 3166 non
1269 3105 1366 3165 minus

188 3209 369 3285 Aeschylum
403 3227 490 3287 quam
521 3208 693 3284 Euripidem
717 3209 801 3288 sequi
833 3209 945 3284 potuit,
977 3228 1053 3288 quae
1083 3209 1232 3270 sententie
1259 3208 1318 3266 iam
1349 3228 1367 3266 a

188 3310 321 3369 Bruhnio
344 3317 423 3371 recte
453 3330 554 3386 pressa
576 3317 622 3370 aet
647 3330 742 3389 eoque
764 3312 858 3388 magis
882 3311 1008 3383 arridet,
1039 3312 1117 3390 quod
1140 3312 1172 3369 iu
1195 3311 1365 3371 universum

187 3412 260 3472 satis
282 3413 389 3472 multas
410 3432 459 3473 res
480 3413 662 3492 Aeschyleus
684 3413 853 3496 adhibuisse
872 3401 1050 3489 Sophoclem
1076 3432 1165 3489 supra
1185 3413 1323 3472 vidimus.

272 3515 412 3574 Alteram
427 3535 546 3594 quoque
569 3534 684 3575 causam
707 3515 929 3600 Wilamowitzii
959 3515 1017 3573 iam
1041 3515 1144 3573 Bruhu
1173 3522 1252 3573 recte
1281 3512 1364 3571 infir·

186 3617 288 3686 mavit,
312 3617 363 3696 qui
387 3619 523 3696 quamvis
545 3637 638 3696 aeque
662 3637 695 3678 ac
716 3617 851 3677 Ribbeck
873 3617 917 3675 illi
939 3617 1005 3678 viro
1029 3616 1169 3678 concedat
1193 3617 1256 3675 sine
1278 3635 1366 3674 causa

184 3719 341 3796 Sophoclis
371 3720 493 3778 chorum
523 3719 659 3795 prodire,
691 3725 789 3778 tamen
819 3719 886 3795 ideo
915 3720 970 3778 hac
998 3735 1031 3775 re
1062 3717 1139 3775 nihil
1169 3718 1364 3778 demonstrari

183 3825 279 3898 putat,
303 3819 373 3899 quia
394 3821 427 3878 in
442 3821 607 3880 Trachiniis
622 3840 740 3900 quoque
757 3821 863 3880 chorus
885 3820 949 3879 siue
966 3838 1052 3879 causa
1066 3821 1206 3895 prodeut;
1229 3821 1364 3880 omnino·

185 3942 244 4002 que
266 3923 366 3982 nescio
389 3943 426 3981 an
449 3925 627 3982 monendum
661 3923 701 3982 sit
722 3923 877 3999 Sophoclis
907 3941 967 3980 non
989 3920 1082 3980 fuisse
1113 3923 1243 3982 omnium
1265 3941 1363 3980 rerum

183 4043 288 4083 causas
318 4025 535 4084 accuratissime
565 4025 728 4103 explicare,
763 4025 919 4083 dummodo
942 4024 1081 4083 universo
1104 4026 1227 4085 consilio
1251 4044 1363 4083 accom-

183 4126 321 4188 modatae
343 4127 418 4201 sint;
447 4129 478 4186 id
502 4128 579 4207 quod
603 4128 763 4204 Sophocles
786 4129 840 4185 hac
863 4145 982 4205 quoque
1003 4125 1036 4185 in
1058 4129 1169 4202 parodo
1192 4127 1364 4187 commatice

183 4229 297 4308 optime
316 4236 466 4292 assecutus
481 4234 534 4303 est,
557 4249 616 4308 qna
631 4231 788 4302 Electram,
811 4227 940 4309 qualiter
962 4247 993 4288 se
1015 4231 1125 4290 habeat
1146 4248 1215 4304 erga
1237 4228 1363 4288 feminas
