3238 4956
536 289 947 378 ’---41--4

168 467 279 535 iactum
310 476 355 534 est
385 479 419 533 ut
447 475 523 534 actio
547 476 728 552 deceptionis
755 482 844 557 etque
875 475 998 536 ultionis
1026 476 1092 552 ipse
1121 474 1214 535 multo
1245 465 1349 536 verisi-

170 578 267 636 milior
282 578 376 649 fieret,
400 578 534 636 Electrae
557 578 672 636 enimus
696 599 730 637 eo
753 580 864 637 maiore
886 580 968 640 luctu
990 580 1166 652 afficeretur,
1189 599 1247 658 quo
1265 598 1350 654 prae-

170 681 275 738 clarius
291 680 383 738 freter
399 679 475 738 diem
492 699 660 756 supremum
678 682 785 739 obiisse
801 687 946 754 narratur,
962 682 1053 740 totins
1065 700 1137 740 vero
1151 681 1291 739 dramatis
1303 699 1349 738 ars

169 784 255 841 valde
277 787 448 857 augeretur3
472 784 582 861 quippe
606 802 664 862 qua
686 784 801 842 ratione
824 783 888 841 fieri
911 783 1018 858 potuit,
1041 787 1075 842 ιιι
1097 789 1185 859 poeta
1202 783 1349 840 Electram

169 885 256 944 initio
273 883 409 964 querelas
424 885 656 960 promittentem,
681 885 786 943 deinde
803 885 916 944 somnio
932 884 983 944 illo
1000 905 1052 960 spe
1066 886 1226 960 impletam,
1250 884 1348 959 paullo

170 989 287 1064 posted
305 993 469 1045 extremum
486 989 616 1046 dolorem
635 989 805 1066 perductam
829 994 866 1059 et,
889 1008 953 1047 oum
976 1007 1029 1047 vae
1050 988 1124 1045 illud
1147 991 1214 1060 tert,
1237 1006 1350 1045 summa

170 1092 371 1149 misericordia
400 1091 445 1148 sui
468 1096 665 1166 spectatorum
698 1092 811 1149 animos
841 1099 1091 1163 commoventem,
1123 1090 1181 1148 iam
1210 1107 1281 1149 vero
1313 1090 1349 1145 ad

170 1214 314 1251 summum
331 1193 467 1267 gaudium
484 1213 670 1269 progressam
688 1193 775 1252 nobis
791 1195 1018 1261 demonstraret;
1043 1195 1120 1271 quod
1137 1197 1171 1250 ut
1185 1190 1348 1266 perficeret,

170 1296 315 1371 duplicem
338 1294 422 1352 illum
438 1296 574 1354 nuntium
591 1297 753 1371 paedagogi
777 1300 807 1355 et
822 1296 934 1355 Orestis
956 1294 1096 1353 inducere
1120 1295 1237 1366 debuit;
1261 1311 1349 1371 quem

170 1399 194 1458 si
218 1417 278 1456 non
300 1397 485 1470 instituisset,
510 1398 643 1457 Orestem
666 1399 781 1474 ipsum,
804 1403 837 1458 ut
859 1417 890 1455 re
912 1415 984 1456 vera
1006 1398 1220 1472 paedagogum,
1242 1414 1259 1453 a
1281 1394 1350 1471 Oly·

171 1504 309 1558 temestra
338 1500 368 1556 in
401 1501 517 1558 domum
542 1509 692 1576 receptum
715 1500 828 1576 fingere
850 1504 966 1558 coactus
989 1505 1082 1570 esset,
1113 1491 1191 1557 inter
1215 1498 1349 1556 Orestem

169 1610 267 1660 autem
297 1589 497 1660 etElectram
519 1603 683 1676 recognitio
711 1607 779 1662 ante
803 1604 920 1662 eaedem
951 1602 1070 1679 omnino
1100 1621 1160 1660 non
1193 1599 1348 1659 evenisset.

171 1703 268 1766 Quare
292 1705 349 1762 duo
372 1703 415 1760 illi
441 1703 499 1762 doli
524 1705 594 1762 artis
610 1705 757 1763 rationum
782 1724 868 1764 eausa
891 1704 1047 1763 necessarii
1071 1704 1200 1776 fuerunt,
1224 1722 1349 1781 quorum

170 1807 267 1880 priore
299 1807 487 1881 paedagogus
518 1814 548 1864 et
577 1806 800 1884 Clytemestram
833 1819 863 1867 et
898 1807 1046 1866 Electram
1076 1805 1154 1865 fallit
1182 1812 1212 1864 et
1240 1805 1271 1863 in
1299 1806 1349 1861 do-

172 1929 248 1965 mum
279 1908 439 1982 recipitur,
480 1909 642 1984 posteriore
674 1926 744 1968 vero
777 1910 897 1968 Orestes
928 1927 1045 1986 quoque
1079 1907 1110 1964 in
1151 1909 1268 1966 domum
1305 1907 1350 1963 in·

171 2017 248 2069 trare
281 2011 380 2068 studet
410 2017 440 2070 et
470 2011 631 2069 adveniens
654 2011 802 2070 Electram
826 2011 948 2088 eiusque
972 2009 1095 2082 amicas,
1122 2028 1195 2087 quas
1219 2010 1350 2066 nondum

170 2111 327 2187 cognovit,
350 2112 444 2185 fallit3
477 2113 679 2186 recognitione
702 2119 799 2172 autem
823 2113 954 2188 perfecta
976 2113 1079 2170 eodem
1102 2111 1168 2169 dolo
1197 2116 1231 2169 ut
1259 2111 1351 2169 intret

169 2215 200 2272 in
234 2217 322 2273 aedes
354 2234 424 2272 usus
458 2215 695 2292 Clytemestram,
728 2235 815 2293 quam
838 2234 891 2274 vas
913 2214 986 2272 illud
1016 2213 1140 2272 floribus
1170 2232 1274 2291 ornare
1297 2233 1350 2288 per

172 2317 317 2376 Electram
341 2317 536 2392 comperimus
560 2316 683 2393 (1400),
706 2317 791 2376 fallit.
847 2317 904 2374 Sed
926 2321 960 2374 ut
981 2316 1072 2373 enimi
1095 2319 1292 2389 spectatorum
1315 2335 1349 2373 eo

172 2421 258 2476 mode
281 2419 487 2492 afficerentur,
519 2425 552 2477 ut
581 2421 645 2494 ipse
667 2425 755 2495 poeta
777 2418 873 2477 voluit
905 2438 944 2475 ex
966 2437 1018 2476 suo
1041 2417 1135 2492 ipsius
1158 2438 1238 2476 more
1261 2424 1350 2498 etque

169 2521 300 2594 ingenio,
324 2540 361 2578 ne
383 2521 414 2577 hi
438 2541 556 2600 quoque
580 2521 662 2580 dolos
684 2521 751 2579 illos
774 2521 913 2595 ignorent
935 2539 1010 2579 neve
1032 2519 1089 2594 ipsi
1113 2518 1267 2594 fallantur,
1290 2523 1350 2590 sed,

171 2643 235 2680 cum
259 2628 374 2680 actores
397 2623 601 2698 decipiantur,
625 2643 727 2682 omnes
748 2642 795 2681 res
817 2621 999 2698 perspiciant
1027 2656 1070 2664 ——
1100 2641 1157 2700 qua
1179 2622 1210 2679 in
1233 2623 1351 2683 inst'tu-

171 2725 253 2781 tione
276 2743 389 2782 summa
411 2744 457 2782 ers
481 2727 684 2799 cognoscenda
705 2731 794 2804 atque
815 2745 930 2800 semper
946 2724 1064 2798 cognita
1086 2729 1131 2782 est
1153 2730 1183 2783 et
1205 2725 1351 2800 eSopho·

170 2826 215 2884 cle
237 2827 372 2884 adhibite
393 2827 424 2882 in
441 2826 554 2902 Oedipo
570 2827 661 2901 Rege,
684 2825 859 2898 Trachiniis,
882 2827 1041 2900 Antigona,
1064 2827 1155 2884 Aiace
1178 2859 1229 2898 -,
1252 2827 1350 2886 statim

170 2928 256 2986 initio
274 2928 442 3004 ¹Sophocles
465 2928 599 2987 Orestem
622 2934 652 2987 et
674 2930 876 3004 paedagogum
897 2929 929 2986 in
953 2947 1069 2987 sconem
1094 2929 1233 2986 inducere
1249 2927 1352 2987 debuit

172 3029 328 3090 consilium
353 3051 436 3088 suum
460 3030 651 3107 explicantes.

257 3132 345 3190 Oerta
366 3133 458 3207 igitur
487 3134 523 3190 de
553 3152 640 3191 causa
671 3133 741 3191 artis
764 3133 945 3208 Sophocleae
976 3132 1122 3209 duplicem
1152 3133 1289 3192 nuntium
1321 3136 1351 3190 et

171 3235 327 3309 prologum
349 3235 494 3308 instituit;
527 3255 600 3313 quas
622 3237 694 3295 artis
717 3255 833 3308 causas,
855 3236 924 3307 ubi,
948 3237 1055 3314 quibus
1077 3237 1165 3294 rebus
1189 3242 1351 3295 commotus

169 3339 248 3394 hanc
269 3337 390 3396 illamve
413 3357 529 3396 scenam
554 3357 730 3413 componere
752 3339 884 3413 potuerit
905 3343 993 3413 poeta
1008 3342 1141 3417 uterque,
1164 3337 1350 3417 inquirimus,

170 3439 291 3497 omnino
309 3439 427 3496 maioris
439 3439 580 3498 momenti
591 3440 743 3499 habendas
756 3460 819 3501 esse
831 3461 918 3520 quam
932 3440 1056 3500 aetionis
1069 3439 1256 3515 (exteriores)
1269 3443 1350 3516 puto,

170 3541 307 3618 quemvis
332 3540 532 3602 Wilamowitz
555 3543 608 3600 has
631 3542 725 3600 solum
748 3542 896 3618 respiciat,
920 3544 958 3601 de
980 3561 1038 3620 que
1060 3561 1091 3600 re
1115 3543 1151 3600 af.
1175 3543 1238 3599 eius
1260 3543 1352 3600 verba

148 3643 210 3720 '(p.
235 3643 324 3718 222):
348 3643 419 3714 „Bei
443 3643 610 3718 Sophokles
632 3643 733 3701 istim
758 3645 878 3703 Grunde
901 3664 1076 3719 genommen
1100 3644 1183 3702 nieht
1204 3643 1281 3701 bloss
1304 3644 1350 3701 die

169 3744 351 3819 Expedition
376 3746 426 3802 des
450 3745 569 3804 Orestes
591 3746 630 3803 im
647 3746 783 3820 Prologe,
806 3748 934 3805 sondern
958 3746 1004 3804 die
1027 3765 1120 3819 genae
1136 3744 1276 3820 Sendung
1299 3746 1351 3804 des

169 3847 348 3922 Pidagogen
373 3847 426 3905 mit
449 3847 500 3905 der
522 3846 769 3907 Todeshotsohaft
792 3849 869 3906 ohne
891 3849 1033 3921 Zweck“;
1064 3867 1151 3927 quam
1175 3849 1351 3907 sententiam

168 3950 346 4024 probarem,
379 3949 402 4006 si
427 3949 569 4007 ultionem
592 3949 687 4025 ipram
711 3950 748 4007 ab
771 3951 910 4009 historico
935 3951 1061 4028 quodam
1085 3971 1172 4029 quam
1195 3952 1352 4009 accuratis-

168 4051 241 4108 sime
265 4051 443 4126 descriptam
464 4051 590 4124 vellem3
615 4053 650 4110 de
669 4052 813 4135 Sophocle
836 4070 907 4111 vero
931 4058 1018 4127 poeta
1041 4073 1101 4110 non
1123 4059 1183 4112 tam
1206 4052 1352 4112 verisimi-

168 4153 261 4212 litatis
284 4172 317 4210 ae
340 4154 474 4214 veritatis
497 4155 586 4213 rebus
608 4153 759 4212 historicis
781 4154 1004 4230 respondentis,
1036 4175 1123 4234 quam
1146 4155 1217 4214 artis
1240 4154 1352 4229 praeei-

169 4274 226 4336 pue
249 4253 382 4316 rationes
405 4255 511 4314 summi
534 4256 674 4316 momenti
698 4259 767 4315 sunt
775 4278 782 4330 ;
814 4275 910 4335 neque
940 4261 1039 4316 temen
1062 4257 1188 4318 actionis
1221 4260 1251 4316 et
1273 4257 1351 4319 veri·
