3238 4956
687 327 900 394 ..37-

188 499 310 561 clamat!
354 503 441 562 Oerta
462 501 553 576 igitur
576 503 613 560 de
635 523 722 563 cansa
742 504 774 562 in
794 504 934 565 universa
956 505 1169 582 compositione
1193 510 1223 564 et
1244 503 1366 564 consilio

188 603 247 662 sita
270 603 389 665 Orestes
412 605 566 682 Sophoclis
588 606 822 680 recognitionem
845 627 904 665 non
928 607 1026 667 statim
1050 608 1151 668 efficit.

275 709 363 782 Apud
382 707 555 784 Euripidem
571 713 670 767 autem
692 729 761 767 num
785 709 916 768 eiusdem
938 709 983 768 rei
1005 713 1103 770 exstat
1125 729 1211 768 causa
1233 710 1264 767 iu
1288 729 1366 768 oom-

188 809 338 885 positioue
361 809 437 870 sita?
482 811 567 870 Certe
590 830 651 869 nou
673 815 785 883 exstat;
820 810 998 886 Euripideus
1021 812 1100 871 enim
1124 811 1243 871 Orestes
1266 813 1365 871 statim

187 910 221 966 in
244 912 366 986 prologo
388 913 486 971 lucide
509 911 552 972 sic
574 914 765 988 pronuntiat:
789 913 841 992 (95
866 913 943 992 sqq.)
967 911 1052 971 δυοῖν
1075 912 1100 971 d'
1123 906 1246 990 ἅμιλλαν
1268 928 1366 970 συντι-

188 1009 257 1080 θεὶς
286 1004 441 1090 ἀφικόμην
472 1015 566 1090 ζητῶν
598 1014 623 1071 τ’
654 1007 787 1090 ἀδελφὴν
819 1059 824 1072 .
850 1059 856 1072 .
893 1006 933 1084 ὥς
966 1011 1151 1093 συγγένωμαι
1182 1011 1230 1073 καὶ
1267 1007 1365 1087 φόνου

188 1108 361 1193 συνεργάτιν
383 1108 482 1192 λαβών
504 1109 540 1173 roi
563 1115 587 1195 γ’
609 1112 678 1174 εἴσω
704 1111 820 1192 τειχέων
843 1118 947 1190 σαφῶς
969 1109 1070 1193 μάθω.
1121 1117 1247 1176 Femina
1267 1121 1365 1177 autem

188 1218 447 1297 appropinquante
471 1240 501 1278 se
525 1217 622 1292 abdit,
653 1223 686 1278 ut
707 1219 892 1296 Aeschyleus
915 1220 1051 1293 Orestes,
1074 1221 1233 1299 verbisque
1263 1219 1365 1295 primis

188 1320 297 1379 auditis
312 1320 401 1398 (115)
425 1315 567 1400 ἐγενόμαν
583 1315 804 1399 Ἀγαμέμνονος
823 1317 928 1400 corice,
951 1316 1143 1398 κικλήσκουσι
1166 1318 1198 1380 de'
1214 1320 1242 1397 μ’
1258 1313 1366 1379 ἀθλίαν

186 1418 348 1498 Ἠλέκτραν
368 1425 505 1500 πολιῆται
527 1425 598 1503 quid
622 1430 682 1498 est,
714 1444 766 1484 our
787 1441 857 1483 non¹
870 1425 993 1500 prodeat
1016 1444 1032 1482 e
1053 1424 1175 1484 latebris
1198 1425 1258 1482 suis
1281 1424 1369 1482 Elec·v

188 1527 333 1604 tramque,
357 1545 445 1605 quam
468 1525 592 1604 quaerit,
615 1525 672 1585 sibi
694 1525 887 1586 reconciliet?

274 1630 316 1687 At
338 1628 369 1685 in
392 1629 507 1689 occulto
531 1630 665 1707 querelas
688 1629 823 1689 Electrae
846 1629 947 1688 andire
969 1628 1045 1690 vult.
1089 1631 1200 1702 Recte,
1224 1628 1276 1687 sed
1299 1647 1366 1687 ver-

185 1729 235 1788 bis
257 1731 391 1790 Electrae
414 1737 444 1791 et
465 1732 564 1805 chori,
594 1731 702 1810 quibus
723 1734 803 1791 hunc
826 1749 944 1810 quoque
967 1731 1023 1790 sibi
1055 1732 1113 1809 ipsi
1135 1731 1278 1798 amioum.
1309 1735 1366 1787 Ae-

185 1833 286 1907 gistho
323 1837 354 1892 et
382 1833 594 1910 Clytemestrae
626 1834 778 1892 inimicum
814 1853 878 1893 esse
908 1834 1050 1909 suspicari
1081 1839 1181 1910 potest
1218 1837 1248 1892 et
1278 1832 1366 1890 debet

185 1935 239 2012 (ct.
261 1956 289 1994 v.
317 1939 375 1994 194
398 1935 471 2014 sq),
505 1937 615 1996 auditis
646 1956 698 1996 cur
724 1936 790 1995 dolo
814 1936 941 2014 quodam
965 1935 1076 2011 decipit
1098 1935 1244 1994 Electram
1267 1952 1365 2012 neque

186 2057 220 2095 se
243 2035 326 2095 illum
350 2057 422 2111 esse,
446 2058 532 2117 quem
556 2045 617 2097 tam
634 2039 720 2099 valde
743 2038 898 2111 desideret,
920 2038 1094 2114 pronuntiat
1116 2042 1256 2114 certoque
1279 2035 1364 2108 signo

186 2144 222 2197 ut
244 2138 381 2198 cicatrice
404 2140 605 2201 demonstrat?

275 2244 317 2302 nt
339 2263 410 2318 prae
433 2244 584 2317 cautione,
615 2243 772 2302 mulierum
795 2261 882 2302 causa
905 2242 1024 2302 Orestes
1054 2261 1084 2300 se
1113 2260 1174 2300 non
1196 2240 1296 2300 statim
1318 2259 1365 2299 re·

186 2346 422 2418 cognoscendum
445 2347 549 2405 reddit.
595 2346 652 2404 Sed
682 2351 780 2404 tamen
809 2364 907 2404 coram
929 2344 1062 2416 feminis,
1095 2363 1168 2422 quas
1198 2343 1271 2401 fidas
1301 2361 1365 2402 esse

186 2446 333 2523 comperit
354 2468 382 2507 v.
401 2449 461 2506 272
478 2469 522 2527 eq.
546 2449 645 2526 (quem
662 2448 697 2510 cf.
714 2467 737 2507 c.
753 2449 844 2525 Soph.
864 2447 966 2523 1203),
989 2467 1054 2506 cum
1077 2447 1196 2505 Electra
1218 2445 1253 2504 de
1276 2445 1365 2504 caede

185 2549 326 2622 Aegisthi
349 2555 379 2610 et
394 2551 607 2628 Clytemestrae
630 2552 803 2623 considerat,
826 2554 988 2629 posteaque
1011 2550 1074 2607 sine
1097 2547 1157 2606 ulla
1179 2546 1366 2606 dubitatione

185 2651 236 2710 vel
259 2651 396 2712 cautione
419 2673 516 2713 coram
539 2653 644 2712 iisdem
666 2653 785 2712 feminis
807 2652 971 2728 recognitio
995 2651 1123 2710 efficitur
1145 2668 1198 2727 per
1219 2650 1365 2726 paedago-

187 2774 275 2828 gum3
299 2755 409 2814 nullam
432 2756 524 2830 igitur
540 2775 655 2816 eausam
679 2754 711 2812 in
733 2775 765 2814 re
788 2761 818 2816 et
840 2757 956 2816 actione
979 2757 1044 2831 ipsa
1066 2755 1152 2815 sitam
1167 2753 1271 2825 video;
1295 2771 1364 2827 ergo

187 2855 212 2913 si
236 2855 461 2917 Wilamowitaii
491 2859 606 2918 ratione
636 2859 861 2934 argumentandi
895 2860 931 2918 de
962 2857 1185 2934 compositionis
1213 2874 1364 2914 scenarum

189 2957 383 3017 similitudine
407 2960 539 3019 adhibita
556 2962 675 3033 utimur,
699 2980 766 3040 qua,
788 2961 819 3019 in
843 2959 925 3020 cuius
948 2961 1048 3018 fabula
1070 2957 1189 3018 eaedem
1210 2976 1267 3029 res,
1291 2973 1366 3035 quae

190 3060 266 3134 apud
286 3060 410 3119 alterum
434 3082 499 3122 cum
522 3082 609 3122 causa
631 3065 699 3137 sint,
730 3064 794 3122 sine
815 3081 903 3122 causa
925 3061 1049 3122 actionis
1071 3063 1198 3133 exstent,
1220 3059 1367 3132 posterior

188 3162 345 3222 habendus
367 3164 413 3236 sit,
436 3166 608 3242 Euripidem
629 3167 823 3242 posteriorem
845 3185 909 3224 esse
932 3165 1162 3223 demonstratum
1185 3168 1237 3223 est.

275 3265 381 3344 Neque
396 3271 495 3326 tamen
518 3269 596 3328 hanc
618 3289 679 3328 rem
703 3274 761 3328 tam
778 3273 856 3328 certe
873 3267 1021 3326 affirmare
1043 3265 1092 3326 vel
1107 3283 1240 3340 premere
1255 3265 1347 3323 ausim
1357 3286 1366 3338 ;

188 3389 257 3426 nam
280 3369 305 3426 si
321 3370 501 3448 Aeschylum
524 3372 580 3430 hac
602 3372 634 3428 in
656 3391 688 3429 re
712 3371 830 3450 quidem
854 3370 938 3449 sequi
959 3353 1063 3442 voluit,
1085 3373 1119 3428 ut
1134 3368 1253 3427 Orestes
1276 3367 1368 3427 verba

189 3471 326 3530 Electrae
341 3473 465 3545 audiret,
488 3475 538 3531 sed
554 3478 652 3533 tamen
668 3474 847 3550 Aeschylum
864 3472 988 3531 irridere
1011 3477 1041 3530 et
1055 3470 1196 3530 aemulari
1220 3473 1256 3529 de
1274 3469 1368 3543 siguis

189 3573 402 3646 recognitionis
418 3575 558 3654 illamque
574 3595 700 3648 scenam,
721 3594 780 3654 qua
794 3578 852 3634 hoe
868 3575 910 3648 fit,
933 3593 986 3653 per
1002 3575 1062 3632 vim
1077 3573 1216 3644 inserere,
1234 3572 1368 3634 Orestem

189 3681 288 3734 autem
311 3695 365 3751 per·
386 3679 588 3754 paedagogum
611 3679 727 3737 demum
750 3677 936 3752 recognitum
958 3679 1056 3736 facere
1077 3673 1188 3746 voluit,
1212 3672 1264 3734 vix
1287 3672 1368 3731 aliud

191 3776 261 3855 quid
286 3778 398 3852 fingere
413 3781 519 3857 potuit,
543 3781 600 3839 nisi
617 3780 750 3839 Orestem
774 3800 805 3838 se
829 3780 917 3838 alium
941 3797 1004 3837 esse
1028 3775 1222 3836 simulantem.
1248 3765 1288 3818 ’-
1311 3776 1368 3835 Sed

191 3879 274 3937 dolos
296 3879 373 3954 illos,
397 3903 471 3961 quos
494 3889 619 3961 uterque
639 3882 773 3941 Orestem
796 3869 995 3958 proterentem
1017 3879 1098 3955 facit,
1121 3878 1146 3937 si
1169 3883 1292 3956 spectas,
1315 3879 1369 3938 ite-

191 4001 256 4038 rum
293 3986 327 4041 ut
358 3981 416 4040 iam
450 3984 567 4060 saepius
596 3983 768 4062 Euripidem
797 3983 938 4060 Sophocli
972 3982 1060 4058 plane
1094 3965 1273 4042 contrarium
1306 3999 1370 4039 esse

191 4082 293 4156 vidcs;
327 4104 391 4143 cum
419 4085 540 4145 Orestes
562 4085 744 4163 Sophocleus
774 4107 804 4146 se
835 4091 982 4145 mortuum
1014 4103 1077 4144 esse
1108 4084 1226 4144 simulet
1256 4088 1287 4141 et
1317 4101 1370 4143 vas

191 4186 288 4244 cinere
311 4187 466 4263 impletum
489 4189 608 4262 afferat,
639 4196 795 4269 postquem
819 4190 1006 4266 paedagogus
1028 4187 1086 4246 iam
1110 4185 1223 4245 Orestis
1245 4191 1370 4244 mortem

194 4277 344 4352 nuntiavit
365 4290 464 4352 verbis
487 4291 528 4373 (v.
553 4291 644 4370 666):
672 4289 723 4358 ¹ool
748 4287 849 4370 φέρων
871 4283 935 4367 ἥκω
957 4285 1066 4370 λόγους
1087 4281 1169 4365 ἡδεῖς
1190 4285 1279 4359 φίλου
1301 4281 1380 4365 παρ’·
