3238 4956
329 529 393 587 Iam
415 529 514 598 hebes,
538 545 589 584 cur
611 526 684 585 haec
706 527 797 584 verba
820 544 874 600 per
895 544 926 582 se
948 513 1073 582 'consilio
1097 510 1237 582 universo
1261 520 1425 599 Euripideo

245 630 332 706 plane
355 629 501 689 contraria
524 627 572 686 hic
595 633 722 701 exstent,
745 632 776 687 et
798 627 1011 686 sententiarum
1029 625 1181 700 Euripidis
1204 609 1355 685 connexus
1378 646 1426 683 us-

247 753 304 811 que
326 733 422 790 adhuc
444 731 494 789 hic
533 731 657 788 fortasse
680 735 739 789 est:
771 729 936 805 Sophoclea
958 729 1154 804 Clytemestra
1183 747 1245 787 rem
1278 729 1426 805 quandam

246 841 280 894 ut
307 849 423 892 causam
455 832 553 892 caedis
575 832 807 907 Agamemnonis
837 831 979 909 protulit,
1010 849 1098 907 quam
1120 829 1284 905 Sophoclea
1306 830 1426 888 Electra

246 937 376 996 refutare
399 933 531 1007 studuit;
562 933 732 1012 quaemihi
761 933 804 992 ita
827 953 885 992 nou
909 932 1073 1009 persuasit,
1104 938 1138 992 ut
1159 951 1220 990 rem
1243 932 1339 1007 ipsam
1362 933 1425 992 scil.

245 1043 368 1115 propter
390 1022 560 1110 Menelcu'm
583 1035 709 1094 occisam
732 1055 796 1096 esse
812 1035 1000 1114 Iphigeniam
1025 1035 1183 1093 obtineam.
1228 1034 1286 1093 Sed
1308 1034 1426 1092 etiamsi

246 1147 326 1200 recte
356 1139 515 1198 iudicasset
537 1140 573 1195 de
596 1137 756 1214 Iphigenia
777 1137 928 1196 immolata
951 1138 1069 1195 Electra
1095 1137 1276 1212 Sophoclea,
1308 1136 1425 1194 etiamsi

244 1240 458 1318 spectatoribus
480 1239 684 1316 persuasisset,
706 1245 805 1301 tamen
828 1245 890 1299 tota
914 1238 1132 1316 argumentatio
1155 1239 1289 1298 Electrae
1312 1239 1426 1314 Sopho-

246 1344 325 1402 cleae
347 1342 433 1401 irrita
455 1349 516 1416 est,
546 1362 614 1401 nam
644 1361 717 1402 vera
747 1361 833 1400 cause
856 1341 977 1400 omuino
1009 1362 1070 1399 non
1092 1340 1251 1417 Iphigenia
1273 1339 1425 1400 immolate

246 1452 290 1504 est
319 1436 397 1522 (οὐδ’
418 1436 455 1502 div
478 1441 601 1503 ἔκτανον
623 1439 739 1523 πόσιν),
770 1446 821 1503 sed
844 1444 1006 1503 Cassandra
1028 1446 1146 1505 domum
1169 1444 1306 1516 Inducta,
1337 1463 1425 1520 quam

246 1566 362 1606 causam
383 1547 548 1623 Sophoclea
570 1546 767 1622 Clytemestra
795 1547 926 1605 nondum
950 1546 1060 1606 attulit.
1104 1547 1166 1605 Iam
1189 1546 1324 1624 sequitur
1347 1547 1426 1620 apud

246 1648 421 1725 Euripidem
444 1668 531 1708 eausa
554 1649 733 1707 Cassandrae
747 1648 788 1725 1),
819 1648 851 1705 iu
882 1648 941 1706 fine
964 1649 1106 1707 orationis
1137 1656 1253 1721 autem,
1284 1668 1336 1706 cur
1358 1668 1426 1705 eum

244 1749 374 1809 inimicis
397 1769 429 1810 sc
451 1749 657 1822 coniunxerit,
687 1749 819 1825 explicat
840 1755 993 1822 accurate,
1023 1751 1125 1812 verbis
1148 1752 1209 1810 illis
1232 1750 1303 1808 satis
1325 1749 1427 1808 miris:

247 1848 398 1930 ἐτρέφθην
421 1845 512 1929 ἥνπερ
544 1837 581 1927 ἦν
611 1843 796 1930 πορεύσιμον
827 1845 903 1928 πρός
933 1845 1003 1921 τούς
1035 1850 1136 1935 ἕαείνςο
1167 1851 1344 1926 πολεμίους·
1376 1848 1425 1922 φί-

245 1957 304 2013 λων
325 1948 380 2033 γαρ
404 1945 442 2013 dv
463 1953 507 2023 τίς
529 1947 566 2012 dv
588 1945 778 2032 πατρὸςοοῦ
801 1947 897 2026 φόνον
920 1947 1098 2029 ἐκοινώνησέ
1132 1976 1201 2030 μοι,
1235 1974 1309 2033 quae
1334 1955 1428 2013 verba

246 2057 272 2116 si
295 2058 410 2116 confers
439 2077 504 2117 oum
528 2049 663 2116 Electrae
686 2050 867 2132 Sophocleae
896 2075 948 2116 vv.
972 2051 1037 2114 594'
1057 2077 1101 2137 sq.
1135 2049 1172 2115 οὐ
1194 2049 1250 2136 γὰρ
1273 2048 1362 2114 καλόν
1384 2051 1427 2130 ἒχ-

247 2163 335 2239 epau
357 2161 517 2237 γαμεῖσθαι
548 2159 599 2234 τῆς
621 2151 775 2238 θυγατρός
798 2155 912 2232 εἵνεκα,
946 2159 1099 2236 Euripidis
1122 2160 1345 2237 Clytemestram
1375 2178 1429 2232 op·

245 2261 398 2338 probrinm
419 2260 451 2320 in
467 2260 622 2337 Sophoclis
637 2279 725 2320 scene
739 2259 829 2320 matri
851 2281 867 2318 a
890 2261 953 2319 filia
968 2262 1078 2321 fectum
1101 2261 1214 2321 reicere
1236 2266 1267 2319 et
1288 2261 1428 2320 refellere

246 2366 365 2424 studere
387 2363 480 2423 vides.

332 2466 416 2526 Haeo
442 2467 478 2524 de
500 2464 614 2524 ratione
637 2463 851 2543 Clytemestrae
874 2465 1072 2542 Euripideae,
1100 2486 1159 2546 qua
1182 2470 1284 2526 eontra
1312 2485 1359 2522 res
1389 2466 1428 2522 ab

245 2569 363 2628 Electra
380 2567 533 2644 Sophoclis
556 2568 593 2626 ed
615 2566 840 2645 Clytemestram
862 2568 1057 2644 Sophocleum
1079 2569 1273 2628 refellendam
1296 2566 1429 2643 prolatas

246 2690 277 2729 se
302 2670 445 2732 defendit.
1317 2695 1319 2699 ·
1388 2743 1391 2748 j

332 2771 450 2831 Electra
471 2771 635 2847 Euripidea
664 2791 713 2831 vv.
743 2776 951 2832 1051-1054
975 2768 1077 2851 paucis
1101 2773 1220 2851 quidem
1237 2771 1351 2855 'verbis
1375 2775 1430 2832 sed

246 2879 325 2934 recte
342 2894 457 2933 causam
473 2874 655 2934 Cassandrae
669 2873 772 2948 reicit;
796 2878 1014 2952 expectandum
1029 2877 1120 2951 igitur
1136 2883 1181 2953 est
1197 2875 1256 2934 iam
1278 2877 1315 2933 ad
1337 2875 1429 2933 finem

246 2977 421 3055 pervenisse
444 2976 710 3050 concertationem,
745 2977 886 3055 quoniam
915 2979 1028 3037 nullam
1052 2978 1141 3038 aliam
1170 2997 1232 3036 rem
1263 2977 1319 3035 nisi
1350 2978 1430 3036 hanc

245 3079 386 3138 attulerat
407 3085 500 3138 mater
521 3083 557 3140 ut
581 3098 698 3138 causam
713 3081 945 3153 Agamemnonis
966 3079 1136 3154 interfecti;
1158 3086 1288 3138 attamen
1310 3081 1431 3138 Electra

246 3182 335 3255 longa
357 3181 600 3260 odiosissimaqua
623 3180 757 3240 oratione
778 3181 933 3242 invehitur
965 3188 1054 3262 atque
1085 3189 1200 3258 pugnat
1229 3187 1331 3242 contra
1362 3202 1429 3240 eam

245 3302 319 3355 rem,
343 3293 430 3360 quam
454 3283 649 3361 Clytemestra
670 3302 731 3341 non
747 3283 910 3360 Euripidea
932 3319 973 3329 -
1000 3305 1066 3343 nam
1089 3287 1162 3345 haec
1185 3285 1304 3343 disertis
1327 3284 1431 3344 verbis

246 3389 335 3458 negat
356 3405 385 3444 v.
410 3381 540 3463 1030l31
567 3418 607 3429 -
630 3385 683 3443 sed
704 3385 868 3462 Sophoclea
890 3388 1063 3462 protulerat,
1086 3387 1176 3465 idque
1198 3387 1249 3458 ita,
1272 3393 1305 3445 ut
1327 3393 1430 3444 utrum

245 3486 310 3545 iure
331 3486 485 3546 immolata
507 3486 547 3545 sit
569 3488 605 3544 eb
621 3490 843 3560 Agamemnone
865 3489 1026 3565 Iphigenia
1049 3509 1142 3550 necne
1164 3488 1316 3567 inquirere
1339 3487 1431 3547 omit-

157 3641 160 3646 .
246 3594 298 3659 tet,
322 3591 371 3647 sed
395 3589 516 3648 omnino
537 3589 597 3647 iam
618 3594 687 3648 ante
703 3589 891 3665 Iphigeniam
915 3591 1109 3673 sacrificatam
1132 3611 1196 3651 cum
1211 3592 1356 3665 Aegistho
1379 3612 1432 3650 res

245 3690 350 3749 iniisse
379 3697 503 3750 matrem
533 3691 680 3765 significet
710 3711 759 3752 vv.
785 3691 969 3766 1069—75,
1002 3713 1078 3771 quse
1109 3694 1183 3754 ratio
1214 3694 1431 3773 Clytemestrae

247 3811 342 3851 mores
366 3811 453 3869 quam
475 3792 619 3869 pessimos
641 3793 828 3854 describendi
859 3794 975 3854 inutilis
1006 3801 1070 3855 arat
1098 3800 1186 3874 atque
1215 3796 1336 3855 omnino
1367 3816 1432 3856 non

245 3891 458 3967 intelligenda,
496 3896 553 3954 nisi
583 3896 663 3974 quod
693 3896 769 3956 inita
800 3897 1020 3957 concertatione
1049 3899 1197 3958 Electram
1228 3899 1432 3978 qualicunque

246 3997 333 4055 modo
355 3994 393 4054 de
415 4002 507 4056 matre
530 3997 687 4058 victoriam
708 4004 911 4074 reportantem
934 3999 1075 4060 inducere
1099 4001 1210 4074 voluit,
1244 4021 1319 4079 quae
1342 4002 1434 4061 insti-

246 4097 322 4158 tutio
344 4097 525 4173 Sophocleae
547 4100 755 4176 compositioni
787 4101 939 4177 aptissima
969 4110 999 4162 et
1028 4104 1212 4176 necessaria,
1247 4103 1434 4179 Euripideae

244 4220 303 4259 non
325 4201 419 4259 solum
443 4219 504 4260 nou
527 4209 605 4277 apte,
629 4202 792 4262 sedetiam
815 4205 903 4281 plane
927 4205 1075 4265 contraria
1097 4205 1164 4265 fuit.

315 4334 340 4399 1)
358 4351 400 4386 vv.
424 4338 593 4386 1041-1045
612 4336 775 4397 interpolatos
794 4353 847 4387 esse
866 4354 921 4388 cum
939 4341 1131 4389 Wilamosritzio
1150 4348 1244 4402 putem.
