3238 4956
633 347 844 423 ...2152

12 597 13 604 p
92 599 96 606 ¹
139 529 203 590 duci
228 537 327 591 monet
350 537 524 610 querentem
547 552 606 590 nen
631 539 753 608 propter
776 531 883 592 iustam
908 551 1040 605 causam,
1075 529 1125 590 sed
1150 551 1263 605 canere,
1285 537 1319 590 ut

140 641 231 694 canat.

223 736 341 794 Electra
370 737 448 794 enirn
479 757 495 794 e
526 739 612 795 domo
636 739 715 810 exit,
746 744 780 796 ut
802 758 908 816 aquarn
930 737 1022 810 ferat;
1052 738 1170 795 rediens
1201 742 1315 809 cantat3

140 859 190 897 cur
212 839 268 897 hec
290 843 449 910 momento,
473 839 528 897 hoc
550 851 684 915 tempore
706 840 764 898 tale
781 847 880 898 cantet
895 859 1021 912 carmen,
1044 839 1153 897 nullam
1171 856 1315 910 cognosce

139 960 252 999 causam
276 941 410 998 idoneam
420 960 427 1008 ;
451 959 517 998 nam
534 959 637 1018 aquam
654 942 743 1012 ferre,
766 943 880 999 labores
896 942 1044 1016 suscipere
1059 943 1124 1015 ipsa
1144 959 1196 997 sua
1211 947 1316 1014 sponte

140 1043 210 1114 vult,
234 1049 267 1099 ut
289 1042 443 1115 coniugem
468 1043 604 1115 adiuvet3
635 1044 684 1101 hic
707 1044 791 1101 labor
812 1045 904 1117 igitur
926 1063 984 1101 non
1009 1053 1068 1102 tam
1092 1043 1228 1100 insolitus
1251 1042 1315 1112 fuit,

139 1152 172 1202 ut
193 1163 262 1219 prae
283 1144 443 1202 insolentia
466 1145 599 1203 laborum
633 1147 781 1204 fortunam
812 1165 891 1202 suam
924 1151 953 1203 et
987 1145 1078 1220 patrie
1106 1145 1256 1220 deploret;
1287 1149 1317 1201 et

140 1246 256 1304 Electra
278 1265 315 1302 ex
339 1247 551 1304 consuetudine
580 1266 632 1305 sua
661 1248 758 1304 odium
783 1248 994 1323 Clytemestrae
1024 1256 1054 1305 et
1076 1247 1214 1321 Aegisthi
1237 1246 1316 1304 exci-

138 1355 201 1406 tare
224 1348 303 1408 vult:
328 1368 425 1426 neque
448 1358 546 1406 tamen
569 1349 662 1408 ullum
686 1349 833 1407 hominem
857 1379 899 1390 -
915 1368 1001 1408 serva
1022 1357 1148 1425 excepta
1162 1382 1203 1390 —
1226 1349 1316 1419 videt,

138 1450 189 1528 qui
213 1470 243 1508 se
267 1459 439 1528 querentem
463 1451 571 1524 audiat,
595 1452 734 1530 quoniam
751 1452 870 1509 Orestes
887 1456 916 1508 et
932 1452 1058 1528 Pylades
1081 1470 1112 1509 se
1131 1450 1316 1522 abdiderunt,

138 1553 244 1610 chorus
267 1555 397 1609 nendum
421 1554 520 1622 adest,
551 1563 643 1612 etex
666 1553 878 1613 consuetudine
902 1553 1043 1612 universa
1064 1571 1118 1611 sua
1140 1571 1225 1609 mane
1248 1570 1314 1609 can·

136 1661 189 1724 tat,
217 1656 255 1712 cf.
278 1674 306 1713 v.
330 1658 407 1713 909:
438 1652 487 1711 acl
511 1649 570 1729 μὴν
602 1653 638 1713 dr'
663 1648 785 1732 ὄρθρων
815 1650 842 1732 γ’
869 1647 973 1712 οὔποτ’
1004 1652 1193 1728 ἐξελίμπανον
1226 1650 1315 1731 θρυλ-

135 1753 237 1812 λούο’ἓ
283 1758 375 1814 Recte
399 1758 535 1834 quidem;
567 1759 617 1816 sed
643 1778 694 1816 cur
717 1777 777 1815 non
799 1758 898 1815 statim
922 1777 937 1814 e
960 1759 1045 1815 domo
1069 1758 1181 1829 exiens,
1212 1775 1316 1834 quere-

135 1858 179 1915 las
201 1857 267 1915 illas
291 1847 315 1915 ci
338 1853 390 1927 νύξ
413 1855 533 1932 μέλαινα
550 1880 615 1916 eum
631 1861 825 1936 promitteret,
849 1858 975 1917 cecinit?
1020 1861 1078 1918 Gur
1094 1879 1172 1917 nune
1188 1861 1313 1931 demum,

137 1960 188 2016 ubi
211 1978 317 2038 aquarn
341 1961 372 2018 in
396 1963 491 2037 eapite
520 1964 618 2020 terens
641 1963 733 2034 redit,
763 1959 862 2020 canit?
911 1964 1011 2040 Atque
1034 1962 1104 2038 quid
1129 1962 1248 2019 omnino
1272 1962 1316 2019 rei

137 2063 250 2136 aptius,
281 2082 370 2140 quarn
397 2064 539 2121 Electram
564 2083 641 2142 aqua
662 2065 759 2122 adlata
780 2064 812 2119 in
835 2064 921 2121 aedes
944 2065 1071 2135 intrare,
1102 2063 1213 2135 redire;
1245 2063 1316 2141 quid

136 2164 229 2238 magis
252 2167 374 2237 mirum,
406 2185 494 2242 quarn
518 2170 595 2243 qued
621 2168 738 2225 Electra
765 2184 871 2243 aquarn
901 2166 932 2222 in
955 2166 1052 2240 eapite
1074 2165 1173 2221 terens
1196 2161 1317 2222 cantet?

223 2269 311 2342 Apud
335 2268 511 2342 Sophoclem
534 2269 625 2342 igitur
647 2271 771 2340 honam,
803 2271 880 2342 apud
904 2267 1075 2342 Euripidem
1105 2267 1215 2323 nullam
1249 2284 1316 2322 eau-

137 2387 209 2439 sam,
232 2388 284 2426 cur
306 2370 425 2426 Electra
447 2369 614 2428 monodiam
637 2378 745 2444 cantet,
767 2371 798 2428 in
818 2371 935 2428 actione
957 2370 1021 2444 ipsa
1042 2369 1220 2427 invenimus.

224 2470 359 2530 Electrae
382 2471 527 2528 monediis
551 2472 644 2531 finitis
666 2474 774 2531 chorus
804 2475 881 2546 opud
904 2482 1062 2548 utrumque
1084 2471 1196 2546 prodit,
1226 2480 1315 2547 atque

134 2573 334 2648 Sophocleum
357 2574 421 2631 sine
444 2593 539 2646 causa,
564 2583 644 2633 certa
665 2576 702 2634 de
725 2593 813 2633 eausa
835 2575 1027 2652 Euripideum
1051 2573 1169 2650 prodire
1193 2573 1315 2628 chorum

136 2674 337 2736 Wilamowitz
359 2678 512 2734 contendit
534 2683 622 2754 atque
645 2678 745 2734 Bruhn
776 2676 810 2753 (l.
834 2677 852 2736 l.
876 2697 903 2751 p.
928 2677 1002 2752 320)
1032 2684 1062 2734 et
1085 2675 1219 2732 Ribbeck
1243 2673 1273 2749 (l.
1298 2674 1316 2733 l.

134 2797 166 2852 p.
191 2781 266 2853 385)
296 2778 454 2837 affirmant.
513 2780 569 2836 Sed
600 2778 766 2838 videamus:
797 2800 836 2837 ex
868 2780 1021 2856 Sophoclis
1053 2779 1185 2836 Electrae
1217 2778 1316 2846 verbis

133 2879 210 2955 ipsis
243 2882 318 2956 (108
341 2880 399 2958 sq.)
431 2878 478 2938 ἐπὶ
502 2881 626 2961 κωκυτῷ
656 2880 749 2938 τοῐνόε
772 2876 918 2962 πατρῴων
948 2875 1005 2958 πρὸ
1030 2881 1134 2956 θυρῶν
1156 2872 1218 2953 ἠχώ
1243 2880 1314 2936 πᾶσι

134 2985 312 3060 προφωνεῖν
342 3001 405 3040 eam
430 2991 512 3041 tanta
533 3003 606 3042 voce
629 2984 754 3042 clamare
783 2985 895 3056 elucet,
926 2991 958 3041 ut
987 2982 1077 3042 vicini
1108 2989 1163 3039 etc.
1195 2982 1316 3038 audiant

133 3084 187 3142 vel
208 3085 310 3143 audire
333 3085 463 3160 possint3
493 3087 564 3165 quid
593 3086 685 3160 igitur
715 3089 808 3159 magis
830 3094 1060 3146 consentaneum
1090 3083 1178 3161 quarn
1206 3083 1315 3140 amicas

135 3186 202 3244 eius
224 3189 287 3248 scil.
309 3189 431 3246 chorum
454 3208 621 3261 accurrere,
645 3196 697 3247 cur
719 3189 841 3261 elamet,
872 3188 1087 3267 quaesitantes3
1119 3194 1208 3263 atque
1231 3185 1314 3244 Elec-

132 3296 183 3348 tra
211 3291 276 3365 ipsa
306 3310 406 3350 nonne
428 3293 536 3363 statim,
568 3311 621 3350 eur
641 3292 780 3350 venerint
802 3292 921 3364 amicae,
948 3309 1071 3368 quarum
1102 3289 1314 3347 consuetudine

132 3393 208 3451 satis
228 3394 335 3452 intima
356 3396 457 3466 utitur,
480 3415 540 3452 non
564 3393 701 3469 ignorat?
745 3394 801 3471 (ef.
823 3414 853 3452 v.
874 3399 949 3450 130:
972 3387 1049 3468 ἥκετ’
1073 3388 1153 3466 ἐμῶν
1174 3388 1315 3464 καμάτων

132 3488 343 3574 παραμύθιον,
367 3516 493 3575 quocum
515 3515 605 3556 versu
626 3498 661 3555 cf.
678 3497 781 3556 Trach.
802 3500 879 3554 141:
902 3492 1073 3570 πεπυσμένη
1096 3489 1149 3568 μὲν
1171 3485 1211 3561 cir
1233 3486 1315 3549 οἱπει-

129 3590 225 3655 κοὶσοιι
248 3591 336 3676 ποὶρει
358 3593 487 3674 πάθημα
510 3593 642 3677 τούμόν.)
687 3601 724 3657 In
747 3599 920 3677 quaestione
947 3598 1011 3673 ipsa
1033 3597 1191 3654 amicarum
1215 3615 1313 3654 nonne

130 3719 224 3760 causa
252 3701 311 3758 iarn
334 3701 499 3774 significata
527 3702 591 3761 est?
644 3707 690 3760 An
714 3699 869 3775 Sophoclis
900 3701 1021 3759 chorum
1052 3718 1126 3773 opus
1156 3699 1229 3769 fuit,
1262 3699 1313 3775 qui

127 3806 246 3863 factum
270 3805 318 3876 sit,
341 3809 374 3862 ut
396 3805 559 3878 adveniret,
583 3805 731 3880 explicare
755 3822 816 3860 non
838 3803 935 3860 minus
957 3807 1091 3860 accurate
1115 3819 1203 3878 quam
1227 3802 1312 3858 Euri-

126 3905 213 3984 pidis
237 3905 384 3964 Troadum
407 3908 528 3964 chorum
558 3906 599 3984 (v.
626 3906 715 3983 152):
749 3897 893 3980 ,,Ἑκάβη,
917 3905 943 3962 τί
967 3888 1085 3980 θροεῖςς
1108 3907 1135 3959 τί
1159 3898 1190 3960 δὲ
1213 3895 1314 3960 θωΰσ-

127 4025 212 4078 σεις;
237 4011 292 4065 ποῖ
311 4001 397 4086 λόγος
419 4003 502 4083 ἥκεις
531 4002 581 4066 dccl
603 4003 659 4087 γάρ
682 4005 840 4087 μελάθρων
863 4000 929 4064 ἄιον
952 4004 1072 4074 οἴκτους
1093 3998 1147 4074 οὓς
1170 4004 1312 4084 οἰκτίρειίί

127 4109 213 4171 eta?

221 4212 320 4275 Quare
342 4217 479 4293 quamvis
497 4235 614 4276 eausam
637 4236 696 4275 non
718 4220 779 4275 tam
794 4219 929 4274 accurate
945 4213 1088 4290 explicari
1110 4233 1199 4292 quarn
1221 4211 1313 4286 signi-

125 4317 216 4378 ficari
240 4319 415 4393 concedam,
448 4325 547 4378 tamen
570 4339 731 4393 commum,
761 4337 849 4398 quern
872 4318 968 4394 ipsum
999 4318 1069 4377 satis
1100 4316 1226 4376 similem
1249 4333 1312 4374 esse
