3238 4956
686 329 916 425 2322.

223 511 307 579 Quae
338 520 430 577 verba
460 519 543 578 hune
568 517 723 577 continere
749 537 868 576 sensum
899 517 1022 593 opinor:
1055 518 1224 594 sepulcrum
1256 507 1320 576 eius
1345 507 1399 573 mi-

222 620 386 679 sericordia
407 625 506 679 motus
529 620 650 680 ornarit
672 621 748 679 clam
765 619 938 679 custodibus
962 625 1014 679 aut
1035 619 1212 698 peregrinus
1235 623 1288 678 aut
1309 617 1400 676 huius

222 727 322 781 terrae
346 704 455 801 aliquis
478 722 539 797 (vir
553 720 604 783 v'el
625 723 747 800 incole).
792 721 875 786 Quae
889 721 1101 799 interpretatio
1125 741 1189 780 curn
1215 740 1311 800 neque
1333 719 1419 778 usui*

220 823 344 897 linguae
373 830 521 901 repugnet
554 832 596 885 et»
615 845 734 884 sensum
764 824 952 902 probabilem
983 829 1086 883 nostro
1116 825 1180 882 loco
1210 827 1241 883 et
1263 823 1401 882 Electrae

223 927 409 985 commodum
433 928 584 1004 praebeat,
607 926 686 986 nihil
710 933 763 999 est,
787 947 840 986 cur
863 947 929 986 eum
946 926 1047 985 Manio
1065 927 1226 1006 quidquam
1242 929 1399 984 mutemus.

224 1026 319 1090 Quam
343 1031 458 1087 obrem
475 1028 662 1102 digressione
676 1028 783 1088 relicta
798 1031 954 1088 redeamus
977 1028 1015 1087 ad
1038 1027 1242 1107 quaestionem
1258 1033 1400 1095 nostram,

223 1129 261 1188 de
285 1151 344 1208 qua
365 1131 439 1205 ipsa,
463 1131 604 1209 quoniam
627 1150 724 1203 causa,
748 1151 802 1190 cur
818 1131 974 1209 Euripides
996 1134 1075 1191 hanc
1097 1149 1215 1190 scenam
1236 1126 1401 1199 induxerit,

224 1230 289 1292 scil.
318 1237 352 1289 ιιι
379 1233 564 1310 Aeschylum
592 1232 733 1306 irrideat,
763 1233 829 1292 luce
860 1234 968 1293 clarior
999 1239 1060 1307 est,
1091 1233 1267 1311 Sophoclem
1301 1235 1401 1289 antem

221 1332 321 1408 ipsum
345 1352 464 1412 quoque
488 1334 578 1393 certis
601 1335 638 1395 de
661 1334 758 1394 causis
778 1335 1003 1412 compositionis
1027 1355 1145 1394 scenam
1169 1353 1250 1393 suam
1266 1333 1401 1409 Aeschy-

221 1435 279 1494 leis
302 1439 390 1495 rebus
420 1437 564 1495 adhibitis
593 1443 623 1496 et
652 1419 773 1497 mutatis
803 1437 971 1496 instituisse
1002 1457 1092 1514 supra
1121 1434 1401 1506 demonstravimus,

221 1536 277 1595 vix
298 1537 372 1596 certi
395 1537 467 1616 quid
490 1540 680 1598 statuendum
704 1545 766 1614 est;
797 1544 927 1610 attamen
951 1539 1012 1601 viri
1034 1538 1116 1599 docti
1149 1537 1223 1618 quid
1245 1537 1402 1596 enucleare

222 1657 310 1715 posse
334 1639 391 1698 sibi
414 1639 610 1713 videbantur3
643 1641 802 1718 Elsperger
828 1641 908 1700 enim
931 1641 1111 1701 sententiam
1133 1639 1217 1700 illam
1236 1631 1300 1697 ¹iarn
1324 1657 1402 1696 com-

221 1745 414 1799 memoratam
443 1741 587 1818 protulit,
620 1763 679 1821 qua
701 1743 864 1819 Sophocles
894 1743 961 1804 ideo
984 1743 1069 1820 prior
1090 1761 1155 1802 esse
1178 1744 1327 1820 putandus
1353 1740 1401 1813 sit,

222 1845 320 1922 quod,
350 1863 416 1903 cum
447 1845 568 1903 omnino
599 1844 728 1904 similem
759 1865 875 1906 scenam
908 1852 996 1925 etque
1025 1845 1194 1923 Aeschylus
1225 1843 1402 1914 instituerit,

222 1945 376 2022 Euripidis
406 1945 551 2016 iudicium
578 1952 694 2006 rectum
724 1949 859 2007 nondum
889 1947 1073 2022 cognoverit.
1053 1945 1224 2011 tunam
1254 1945 1402 2005 rationem

221 2046 445 2106 Ribbeohianae
475 2069 566 2124 supra
596 2050 705 2109 allatae
734 2071 766 2108 sa
767 2055 807 2108 1s
838 2050 967 2108 similem
998 2049 1125 2109 alicuius
1158 2047 1304 2107 momenti
1338 2067 1403 2106 esse

221 2150 425 2221 concederem,
448 2149 474 2208 si
497 2151 657 2227 Sophocles
680 2153 769 2230 plane
792 2152 904 2210 eisdem
931 2152 1024 2226 signis
1048 2152 1209 2230 eademqne
1230 2150 1347 2209 ratione
1370 2169 1404 2209 ac

222 2252 392 2327 Aeschylus
415 2271 486 2310 usus
510 2272 549 2312 ex
570 2252 726 2330 Euripidis
757 2288 798 2296 -
829 2254 855 2312 si
884 2253 1079 2314 antecesserit
1109 2286 1150 2297 -
1179 2251 1313 2324 ratione,
1346 2270 1404 2330 quo
1439 2285 1445 2294 ·

223 2353 394 2429 Aeschyleo
431 2353 515 2428 signa
546 2355 807 2432 perstringuntur,
842 2357 957 2415 nullum
989 2357 1118 2414 fructum
1146 2354 1282 2433 cepisset.
1344 2353 1403 2413 Sed

221 2455 385 2529 Sophocles
418 2476 517 2515 nonne
548 2479 650 2517 omnes
681 2479 729 2516 res
760 2458 922 2534 Aeschyli,
952 2478 1028 2537 quae
1057 2454 1273 2516 verisimilitati
1304 2453 1402 2512 minus

220 2557 453 2633 respondebant,
477 2559 586 2632 omisit,
609 2561 797 2619 utcolorem
821 2560 908 2632 cirri,
931 2560 1040 2637 pedum
1061 2558 1199 2632 vestigia,
1225 2561 1341 2618 vestem
1363 2560 1401 2616 ab

221 2813 365 2860 custodibus
385 2813 508 2858 tumulum
526 2818 604 2860 ornat.
641 2815 679 2862 De
697 2815 787 2874 quibus
805 2831 865 2862 vero
885 2815 996 2874 personis
1021 2815 1067 2861 hoc
1086 2813 1133 2862 dici
1151 2814 1252 2874 potest?
1288 2815 1352 2860 Num
1370 2814 1401 2859 da

222 2880 311 2926 Oreste
325 2882 397 2927 soio⁹
422 2880 470 2926 Vm
482 2887 557 2942 puto
577 2897 634 2929 nam
654 2884 685 2930 ci.
706 2886 754 2930 323
773 2877 960 2965 Ἀγαμέμνονος
978 2879 1007 2932 δὲ
1023 2877 1121 2961 τύμβος
1138 2873 1360 2944 η’τιμαομέιος”
1331 2895 1401 2930 curor

222 2944 287 3028 χοάς
305 2943 358 2998 ποτ’
377 2941 480 2998 sinist
450 2947 534 2998 rclcoud
547 2948 670 3031 μυρσίνης
677 2947 767 3033 ἔλαβε,
785 2949 851 3014 πυροί
870 2947 899 3000 δὲ
911 2948 1002 3031 χέρσος
1014 2943 1195 3012 ἀγλαϊσμάτων
1213 2955 1272 2996 etv.
1287 2953 1335 2997 alc
1348 2963 1401 3008 sqq

218 3008 381 3078 ιιοι’ἱιαιι’μασ’ς
410 3013 431 3066 ω’
451 3020 514 3077 παῖ,
539 3016 577 3074 τίς
595 3013 649 3068 ποτ’
667 3013 715 3068 oiri
718 3015 886 3100 ρώπωιίτλη
904 3015 967 3082 πρὸς
985 3013 1125 3084 τυμβοιέλ
1113 3016 1195 3066 lisia·
1223 3011 1252 3066 ου’
1270 3013 1319 3079 γὰρ
1344 3011 1401 3078 Ἀρ-

222 3082 297 3147 γείων
316 3082 346 3146 γέ
365 3101 404 3142 τις
429 3090 453 3131 et
470 3100 495 3131 v.
514 3088 563 3133 510
588 3083 697 3149 ίρημίιις
715 3081 821 3151 τυχών
842 3087 957 3146 ‚quibus
974 3086 1088 3133 versibus
1107 3085 1203 3133 collatis
1222 3099 1304 3132 nonne
1323 3086 1402 3132 elucet

222 3153 344 3200 tumulum
363 3168 451 3200 ornare
469 3154 537 3201 cives
556 3169 640 3201 omnes
659 3171 719 3216 prae
738 3156 824 3202 timore
843 3157 955 3214 Aegisthi
974 3156 1068 3234 vereri,
1094 3155 1244 3212 quinetiam
1262 3168 1343 3200 nonne
1361 3167 1401 3201 su-

222 3221 313 3280 spicari
332 3223 390 3268 licet
407 3223 553 3280 Aegisthum
571 3226 692 3270 tumulum
717 3238 804 3270 ornare
822 3226 930 3272 vetuisse
956 3224 1077 3283 expressis
1103 3223 1206 3269 verbis?
1240 3221 1307 3287 (Qua
1324 3224 1354 3269 de
1373 3238 1399 3270 re

221 3290 254 3335 ef.
280 3289 408 3336 Creontem
437 3291 461 3336 in
486 3291 616 3350 Sophoclis
641 3293 768 3352 Antigona
801 3293 925 3339 iubentem
952 3307 1042 3351 eorpus
1069 3291 1194 3351 Polynicis
1226 3305 1275 3338 non
1303 3291 1402 3350 sepeliri

222 3357 384 3417 custodesque
411 3361 441 3405 ad
466 3373 555 3418 corpus
580 3360 641 3406 iilud
664 3362 805 3418 institutos,
832 3377 863 3407 ne
889 3362 943 3419 quis
968 3365 1053 3407 contra
1079 3361 1172 3406 iussum
1190 3359 1303 3406 Creontis
1330 3373 1402 3419 agere

223 3423 335 3487 audeat.)
370 3427 435 3484 Quid
448 3427 523 3485 igitur
534 3429 644 3488 impedit,
662 3431 792 3489 quominus
810 3431 835 3475 in
848 3431 925 3477 altero
937 3430 1048 3475 membro
1064 3429 1116 3476 sive
1135 3442 1196 3475 sano
1215 3429 1267 3474 sive
1286 3434 1401 3486 corrupto

222 3494 358 3552 significari
377 3502 490 3554 putemus
507 3511 557 3543 non
575 3499 741 3558 peregrinum,
768 3499 811 3544 sed
837 3499 916 3545 civem
935 3504 1014 3545 terrae
1031 3497 1148 3556 Argivae,
1175 3497 1216 3555 qui
1234 3496 1402 3544 misericordia

222 3570 304 3610 motus
322 3565 443 3612 tumulum
462 3570 582 3612 ornasset.

293 3632 390 3679 Deinde
407 3633 486 3678 verba
504 3628 613 3690 σκοποὺς
631 3629 723 3692 λαθών,
742 3649 804 3694 quae
823 3635 876 3680 sola
894 3649 910 3680 a
926 3633 1005 3694 τήςδε
1022 3627 1113 3698 χθονός
1137 3631 1222 3678 verbis
1240 3631 1349 3678 seiuncta
1366 3632 1401 3677 in·

222 3699 304 3758 telligi
322 3706 441 3760 possunt,
471 3701 497 3746 in
524 3701 605 3760 priore
631 3715 728 3761 quoque
754 3703 863 3749 membro
891 3702 1028 3761 supplenda
1053 3714 1107 3747 asse
1131 3715 1162 3747 ax
1187 3699 1302 3747 versibus
1327 3715 1402 3760 snpra

222 3768 322 3815 collatis
341 3771 426 3818 elucet.
463 3771 502 3816 An
522 3775 609 3829 putas,
636 3785 698 3830 quaa
725 3771 792 3818 cives
819 3772 899 3818 iacere
917 3771 988 3817 vetiti
1006 3769 1111 3829 inerint,
1135 3769 1201 3815 idem
1219 3769 1356 3829 peregrinis
1373 3770 1402 3815 li-

221 3837 325 3883 unisse?

293 3905 418 3950 Habemus
437 3905 511 3964 igitur
528 3906 591 3953 hanc
609 3909 772 3954 structuram:
799 3900 878 3956 αι’τοῠ
904 3900 983 3969 τάφοι
1009 3901 1166 3966 ἐιιοικτείρας
1184 3900 1299 3968 ἐκείρατο
1317 3901 1401 3955 tetdo

221 3968 333 4028 σκοποὺς
351 3963 369 4034 ἤ
388 3988 426 4029 τις
444 3965 547 4032 ξένοςῚΙ
529 3989 547 4038 η
566 3971 644 4036 τῆςδε
661 3969 760 4055 ιιιοιιίςι
770 3976 866 4034 atque
861 3990 885 4020 ιιι
898 3974 1008 4020 membro
1022 3979 1121 4032 postero
1139 3988 1176 4028 τις
1195 3974 1310 4032 quoniam
1328 3972 1401 4020 facile

220 4042 333 4102 suppleri
351 4055 424 4101 posse
443 4056 528 4088 omnes
546 4042 694 4101 concedent,
720 4043 775 4101 quis
794 4057 886 4090 sensus
912 4043 943 4088 sit
961 4042 1049 4088 horum
1067 4040 1213 4099 verborum,
1240 4041 1300 4087 satis
1315 4041 1400 4087 elucet.

219 4111 275 4157 lam
294 4114 370 4156 restat
387 4111 441 4156 sola
457 4111 569 4169 quaestio
588 4111 756 4170 grammatica,
781 4117 863 4158 utrum
879 4126 917 4167 τις
934 4109 1013 4172 τηςδε
1031 4105 1123 4175 χθονός
1140 4110 1218 4156 verba
1235 4110 1270 4155 ita
1287 4109 1402 4168 coniungi

217 4179 327 4239 possint,
345 4186 371 4224 ut
388 4179 430 4224 iile
448 4193 553 4241 sensus3
572 4180 660 4238 aliquis
678 4181 704 4226 in
722 4181 769 4227 hac
786 4184 851 4227 terra
869 4179 999 4236 babitans,
1019 4180 1081 4226 civis
1099 4179 1171 4225 huius
1189 4184 1285 4236 terrae,
1304 4179 1402 4226 evadat.

218 4249 278 4306 Qua
297 4247 392 4293 ratione
410 4247 488 4293 verba
505 4248 661 4308 interpretari
678 4263 724 4295 nos
740 4262 815 4308 posse
833 4254 900 4309 puto,
919 4249 1035 4306 quoniam
1053 4245 1091 4304 τίς
1109 4245 1159 4310 γῆς
1185 4251 1211 4295 et
1227 4246 1319 4294 similes
1338 4251 1400 4294 stru-

218 4322 308 4366 cturae
327 4315 381 4362 luce
400 4316 568 4376 exemplorum
587 4330 637 4363 non
655 4321 746 4364 carent.

1179 4407 1195 4470 3
