3238 4956
638 281 851 350 443..

143 475 205 516 eum
236 458 338 518 Flesse
367 457 493 538 aliisque
524 463 611 534 pute,
645 461 721 536 quod
755 460 874 519 Orestes
903 457 1086 534 Sophocleus
1116 459 1318 534 paedagogum

35 569 37 588 ¹
144 561 258 639 quidem
281 560 421 634 φίλτατον
444 560 588 636 appellat,
621 561 740 637 Pyladis
759 581 831 622 vero
854 561 969 621 comitis
991 567 1080 640 etque
1103 563 1189 620 amici
1211 581 1319 620 nomen

35 727 36 738 2
145 683 180 722 ne
201 669 410 724 commemorat
430 665 561 743 quidem.

224 767 289 825 Iam
312 766 447 846 sequitur
469 766 547 842 apud
563 771 721 845 utrumque
736 766 867 826 narratio
890 773 921 826 et
941 765 1100 842 explicatio
1115 786 1221 840 rerum,
1245 787 1318 846 quae

40 901 48 912 ·
141 869 198 926 iam
227 869 386 944 perfecerit
408 875 438 928 et
465 869 650 944 perfecturus
686 869 724 927 sit
755 869 889 938 Orestes;
929 867 1110 944 Sophocleus
1141 889 1171 928 se
1201 869 1319 930 venisse

35 945 43 972 κ
144 971 258 1030 eraculo
281 971 407 1049 Pythice
439 971 573 1031 consulte
597 977 711 1042 narrat,
744 977 777 1028 ut
807 969 902 1045 patris
932 971 1137 1029 interfectores
1159 970 1319 1029 ulciscatur

143 1072 207 1130 dolo
230 1074 357 1151 quedam
378 1074 521 1149 adhibite,
544 1092 631 1152 quem
654 1071 818 1132 accuratius
842 1073 983 1147 exponit,
1011 1077 1100 1150 atque
1124 1091 1188 1130 eum
1211 1073 1318 1147 paeda·

35 1205 36 1254 ο
143 1193 248 1248 gogus,
271 1175 322 1233 ubi
345 1175 485 1251 potuerit,
516 1176 547 1232 in
578 1177 695 1234 domum
726 1174 802 1232 inire
832 1175 968 1232 iubeatur
1000 1179 1029 1232 et
1050 1174 1157 1232 falsum
1181 1174 1318 1233 nuntium

146 1277 247 1334 mortis
269 1278 355 1349 ferre,
379 1298 409 1338 sc
432 1278 528 1352 ipsum
551 1279 644 1355 patris
662 1277 806 1335 tumulum
822 1275 947 1334 fioribus
969 1279 1149 1348 ornaturum,
1171 1277 1217 1335 lae
1238 1277 1320 1336 fusu-

35 1417 36 1424 1
143 1397 216 1450 rum,
241 1379 347 1437 cirrum
372 1380 603 1450 sacrificaturum
633 1398 697 1439 esse
720 1378 806 1450 dicit,
838 1397 897 1456 quo
920 1378 997 1438 facto
1021 1378 1051 1436 in
1075 1381 1176 1436 urbem
1199 1381 1319 1439 rediret.

142 1481 317 1556 Euripideus
340 1501 410 1541 vere
435 1483 554 1540 Orestes
582 1483 646 1556 ipse
678 1500 796 1560 queque
825 1481 942 1540 oraculo
966 1480 1092 1556 Pythice
1116 1481 1249 1542 consulto
1272 1481 1318 1540 in·

142 1583 262 1642 citatum
284 1603 315 1642 se
336 1584 454 1643 venisse
478 1583 642 1658 explicat„
656 1591 690 1641 ut
713 1583 805 1658 patris
836 1583 980 1641 occisores
1002 1584 1121 1659 puniat,
1152 1584 1225 1643 clam
1247 1604 1318 1644 vere

142 1685 275 1760 tyrannis
303 1686 335 1743 in
366 1691 473 1744 terram
496 1687 640 1758 Argivam
670 1705 702 1744 se
732 1686 872 1756 intrasse5
904 1691 993 1745 noctu
1022 1685 1054 1742 in
1085 1687 1177 1762 patris
1206 1686 1318 1745 tumulo

35 1831 36 1860 3
141 1786 275 1845 lacrimas
296 1788 416 1861 fudisse,
438 1808 523 1848 ovem
548 1793 697 1860 mactasse,
720 1788 827 1846 cirrum
851 1787 1042 1860 sacrificasse,
1066 1789 1097 1846 in
1120 1789 1223 1848 urbem
1246 1807 1317 1848 vere

35 1953 36 1958 ἵ
143 1907 172 1945 se
194 1909 253 1946 non
276 1889 477 1964 ingressurum
493 1909 565 1961 esse,
589 1891 639 1948 sed
661 1890 693 1947 in
715 1909 794 1964 agro,
818 1889 867 1948 ubi
889 1909 971 1948 seror
988 1889 1112 1962 habitet,
1129 1897 1319 1968 quaerentem

35 1999 36 2008 ¹
141 1993 261 2064 versari,
293 2011 418 2072 quaeum
440 2012 502 2050 rem
524 1993 621 2051 facore
643 1992 750 2062 vellet3
781 2012 840 2070 qua
863 1993 952 2050 dere
976 1992 1012 2050 cf.
1029 1991 1213 2066 Sophoclem,
1237 1993 1320 2050 cuius

143 2093 260 2153 Orestes
283 2095 391 2154 sororis
413 2095 501 2170 plane
525 2115 583 2152 nen
605 2095 753 2154 reminisci
769 2094 896 2166 videtur,
920 2095 998 2172 quod
1022 2113 1056 2152 eo
1079 2094 1172 2168 magis
1194 2095 1319 2152 fortasse

143 2194 241 2254 mirari
265 2203 390 2271 poterat,
413 2199 492 2276 quo'd
510 2197 626 2256 Electra
641 2195 805 2271 Sophoclea
821 2197 955 2256 Orestem
975 2214 1063 2271 saepe
1086 2201 1119 2254 ut
1140 2197 1171 2254 in
1194 2196 1319 2272 patriam

143 2297 253 2360 rediret
277 2299 426 2359 excitavit.

225 2401 363 2480 Denique
382 2409 416 2462 ut
431 2403 612 2478 Sophocleus
627 2403 815 2478 paedagogus
830 2401 897 2478 (78)
913 2394 1093 2478 προσπόλων
1116 2419 1195 2468 τινος
1216 2419 1319 2460 vocem

141 2503 241 2561 audire
265 2502 323 2562 eibi
345 2505 471 2576 videtur,
495 2505 673 2580 Euripideus
697 2503 816 2562 Orestes
839 2496 1018 2596 προσπόλων
1040 2524 1105 2560 τινα
1128 2501 1217 2582 (107)
1243 2503 1319 2578 aspi·

35 2593 36 2680 J
141 2605 196 2677 eit;
219 2607 271 2664 aed
294 2627 360 2666 cum
381 2607 620 2680 illius.Orestes,
644 2608 779 2685 quamvis
801 2607 948 2664 Electram
972 2625 1035 2664 esse
1058 2606 1260 2680 suspieentur,
1284 2606 1320 2662 de

35 2783 36 2796 χ
141 2727 227 2766 scena
250 2710 372 2767 decedat
384 2710 607 2768 sacrificaturus
623 2710 653 2766 in
677 2709 770 2784 patris
791 2709 913 2781 tumulo,
937 2692 985 2767 hie
1008 2712 1142 2767 remanet
1163 2713 1194 2766 et
1215 2727 1246 2766 se
1269 2708 1320 2765 ab·

35 2861 36 2864 ,
142 2811 199 2883 dit,
221 2817 266 2884 ut,
288 2816 387 2870 utrum
410 2812 459 2870 illa
483 2811 589 2869 mulier
612 2812 682 2888 quid
706 2811 742 2867 de
764 2815 843 2870 statu
865 2831 961 2869 rerum
985 2809 1063 2869 dicat
1085 2829 1188 2882 neone,
1211 2811 1320 2868 audiat.

35 2911 36 2918 '
223 2913 455 2972 Similitudincm
478 2914 570 2992 igitur
590 2914 684 2972 habes
706 2932 739 2972 ac
762 2913 849 2970 simul
872 2912 1089 2987 oppositionem
1112 2910 1268 2987 Sophoclis
1291 2915 1321 2968 et

142 3015 293 3090 Euripidis
315 3015 346 3072 in
369 3017 424 3074 hae
446 3034 565 3095 quoque
588 3035 676 3074 scena
697 3016 870 3086 elucentem,
893 3015 945 3085 ita,
968 3018 1016 3086 ut,
1040 3013 1064 3071 si
1089 3013 1245 3088 Euripides
1267 3032 1320 3089 pe-

142 3117 245 3176 sterior
269 3122 322 3189 est,
346 3117 520 3192 Sophoclem
538 3124 655 3177 secutus
671 3136 820 3193 superare,
845 3116 990 3190 corrigere
1014 3115 1161 3173 studuisse
1185 3115 1322 3175 videatur

142 3219 189 3297 (ct.
213 3239 290 3299 quae
313 3238 402 3295 supra
424 3240 453 3294 p.
470 3225 508 3278 26
533 3221 658 3296 exposui
681 3221 717 3278 de
739 3219 864 3279 actionis
886 3216 1104 3278 verisimilitate
1126 3219 1162 3276 ab
1178 3217 1320 3293 Euripide

142 3322 233 3381 multo
257 3323 351 3396 magis
374 3321 530 3382 observata
553 3342 639 3401 quam
663 3342 681 3380 a
703 3321 871 3398 Sophocle).
897 3385 900 3392 ‚

181 3495 183 3502 Ι
225 3425 399 3502 Sequuntur
413 3425 572 3502 utrobique
588 3425 727 3483 monodia
742 3425 876 3483 Electrae
892 3424 1034 3503 chorique
1049 3424 1178 3500 paredus
1195 3441 1321 3480 comma-

142 3527 213 3600 tica3
238 3531 328 3604 atque
345 3527 380 3584 de
396 3526 551 3602 Sophoclis
568 3528 665 3599 ahere,
691 3546 764 3605 quas
779 3546 826 3585 res
841 3525 966 3602 pretulit
982 3525 1190 3596 Wilamowitz,
1210 3523 1320 3582 nullam

142 3649 260 3688 causam
276 3633 387 3700 extare,
410 3648 462 3687 cur
478 3630 601 3704 prodeat
616 3630 646 3686 in
663 3649 790 3700 scenam,
812 3648 865 3687 cur
881 3647 920 3686 ex
934 3628 1044 3699 amicis,
1067 3647 1127 3684 non
1142 3627 1235 3685 servis
1251 3645 1321 3684 con-

141 3738 207 3803 stet,
219 3726 290 3789 'iam
307 3749 396 3806 supra
411 3731 452 3807 (p.
468 3732 521 3806 40)
545 3734 640 3789 causis
656 3731 878 3806 compositionis
901 3750 934 3788 ac
950 3729 1067 3788 consilii
1082 3730 1226 3788 refutatae
1243 3733 1319 3787 sunt.

142 3835 209 3892 Non
226 3833 336 3910 pressit
351 3833 401 3890 ille
416 3833 464 3894 vir
480 3832 703 3892 similitudinem
718 3834 807 3892 huius
823 3830 1045 3908 compositionis
1068 3851 1102 3889 ao
1119 3831 1237 3889 maioris
1259 3851 1321 3890 me-

141 3936 234 3994 menti
249 3935 353 4006 videri,
374 3937 452 4014 qued
464 3937 541 4012 apud
551 3935 727 4011 Sophoclem
745 3935 856 3993 nullam
877 3935 964 3992 aliam
983 3931 1151 3992 huiusmodi
1168 3953 1321 3992 scenarum

141 4037 360 4097 institutionem
377 4039 528 4108 habemus,
552 4039 629 4112 apud
645 4037 818 4113 Euripidem
835 4054 953 4115 quoque
976 4035 1047 4094 satis
1070 4055 1136 4094 raro
1159 4034 1320 4094 adhibitam

141 4139 313 4201 invenimus
336 4139 466 4217 (praeter
490 4146 620 4199 nostram
636 4141 766 4198 fabulam
782 4139 814 4196 in
829 4137 943 4210 Medea,
966 4139 1049 4212 Iena,
1073 4140 1205 4209 Hecuba,
1229 4136 1336 4194 Trea-¹

143 4241 252 4320 dibus).
299 4241 364 4306 Quo
388 4244 481 4302 rarior
504 4249 601 4300 autem
621 4243 719 4302 exstat
734 4241 801 4300 talis
823 4240 981 4314 institutio,
1004 4260 1038 4299 ee
1054 4240 1227 4316 accuratius,
1250 4259 1320 4298 num
