3238 4956
771 332 895 408 „43
940 377 982 388 m

283 517 403 578 nomina
425 511 578 593 Sophoclis
607 521 638 576 et
658 516 811 595 Euripidis
843 516 922 575 inter
944 536 975 574 se
997 516 1228 590 mutaverimus3
1260 519 1348 592 atque
1371 509 1475 573 Wila-

284 621 473 681 mowitziena
495 618 720 694 argumentandi
750 618 865 677 ratione
892 618 1026 676 adhibita
1048 619 1225 696 Sophoclem
1247 618 1376 693 priorem
1401 635 1473 676 esse

283 722 341 780 iam
364 724 595 781 demonstratum
618 727 671 779 est.

370 825 427 883 Sed
451 825 615 883 carendum
637 829 691 895 est,
715 842 769 894 ne,
793 825 872 900 quod
893 822 1057 883 verisimile
1080 822 1208 894 videtur,
1232 842 1285 897 pro
1309 829 1388 880 certo
1411 822 1471 876 ha-

285 927 404 984 beamus
439 945 514 984 neve
545 925 583 982 iis
605 927 707 997 rebus,
740 924 847 1001 quibus
870 932 969 982 nostra
992 925 1141 984 sententia
1163 925 1274 999 optime
1297 924 1470 993 adiuvetur,

284 1029 361 1085 hanc
374 1026 469 1102 ipsam
487 1034 595 1085 certam
612 1025 807 1084 demonstrari
823 1031 978 1100 putemus3
1001 1046 1098 1104 neque
1122 1025 1199 1083 enim
1222 1026 1309 1100 plane
1325 1026 1469 1083 refellere

285 1148 402 1204 possum
420 1131 597 1186 sententiam
621 1147 728 1200 eorum,
753 1126 804 1206 qui
825 1133 913 1186 totam
931 1128 1215 1203 argumentationem
1237 1129 1274 1186 de
1296 1127 1343 1185 his
1366 1126 1470 1184 scenis

284 1232 369 1289 modo
400 1230 581 1306 propositam
613 1249 718 1289 vanam
744 1249 807 1288 esse
839 1234 868 1287 et
900 1209 1034 1288 corruere
1067 1231 1184 1301 dicunt,
1214 1230 1266 1288 ubi
1290 1228 1469 1302 Euripidem

285 1333 349 1390 sine
372 1327 452 1391 certa
474 1353 568 1404 cause,
591 1331 673 1390 nulla
696 1330 753 1389 alie
776 1338 961 1404 commotum,
985 1333 1043 1390 nisi
1067 1340 1099 1390 ut
1114 1334 1259 1392 Electram
1281 1329 1470 1390 miserabiles

285 1436 421 1512 querelas
454 1434 683 1510 profundentem
715 1434 908 1511 Orestemque
939 1435 1105 1493 audientem
1136 1435 1303 1506 induceret,
1346 1452 1469 1490 scenam

286 1537 442 1594 monodiae
465 1535 598 1612 posuisse
622 1541 769 1610 putemus,
791 1535 936 1613 imprimis
959 1557 1025 1594 cum
1048 1537 1165 1612 saepius
1188 1536 1261 1594 tales
1284 1542 1387 1592 centus
1409 1533 1470 1590 fle-

286 1639 361 1698 biles
376 1640 487 1696 inserat
503 1638 563 1696 suis
578 1637 703 1709 fabulis;
727 1639 846 1696 chorum
869 1645 966 1697 autem
989 1658 1027 1696 ex
1043 1639 1182 1696 universo
1199 1638 1359 1712 Euripideo
1383 1655 1471 1692 mora

286 1761 402 1799 oausam
426 1746 561 1800 accurate
584 1739 719 1817 quamvis
742 1739 839 1797 minus
862 1745 960 1815 eptam
983 1741 1124 1815 proferre.

371 1845 479 1902 Contra
502 1862 590 1920 qnam
606 1841 824 1918 oppositionem
848 1842 901 1899 vix
923 1842 1002 1900 aliud
1019 1842 1181 1920 quidquam
1204 1842 1336 1918 proferre
1358 1840 1471 1915 possis,

286 1945 343 2002 nisi
368 1945 539 2020 Euripidem
568 1944 599 2002 in
633 1943 803 2003 uuiversum
830 1944 885 2002 hac
916 1944 947 2002 in
971 1945 1071 2002 fabula
1092 1943 1305 2004 verisimilitati
1327 1962 1470 2016 magnam

286 2066 405 2123 operam
427 2047 561 2118 dedisse,
594 2067 646 2104 sua
669 2051 773 2120 sponte
796 2065 867 2105 vero
891 2052 981 2124 atque
1005 2046 1068 2104 sine
1092 2047 1153 2104 ulla
1176 2048 1360 2104 causabere
1383 2045 1469 2103 viam

284 2143 440 2226 reliquisse
469 2155 557 2225 etque
587 2167 689 2207 scenae
711 2147 779 2205 illas
802 2147 892 2207 miras
926 2153 956 2206 et
978 2148 1198 2209 verisimilitate
1221 2155 1353 2207 carentes
1376 2147 1468 2204 insti·

285 2251 376 2309 tuisse
400 2251 452 2309 vix
475 2251 574 2326 putari
596 2269 699 2325 poese;
723 2251 774 2308 sed
797 2251 955 2324 facillime,
979 2270 1031 2308 cur
1054 2251 1108 2308 hoc
1132 2251 1253 2322 fecerit,
1275 2236 1471 2322 intelligitur,

285 2353 311 2412 si
334 2354 509 2429 Sophoclem
532 2352 725 2412 antecessisse
757 2371 884 2428 eumque
913 2353 1088 2411 imitandum
1120 2372 1171 2410 seu
1194 2352 1397 2426 corrigendum
1434 2371 1472 2408 ac

285 2457 483 2530 superandum
506 2455 564 2514 sibi
586 2453 774 2530 proposuisse
791 2453 962 2529 Euripidem
987 2454 1188 2532 supponimus.
1234 2453 1317 2515 Quod
1334 2453 1473 2511 studium

285 2557 437 2633 Euripidis
460 2558 584 2631 singulis
607 2575 724 2635 quoque
747 2557 835 2615 rebus
857 2557 1012 2614 monodiae
1043 2562 1073 2615 et
1104 2556 1208 2614 commi
1239 2555 1376 2628 cognosci
1398 2562 1475 2629 pot·

285 2663 340 2732 est,
364 2661 472 2737 quibus
495 2659 661 2718 sententiae
683 2659 1081 2733 Sophocleae'repetuntur‚
1104 2664 1258 2730 augentur,
1282 2656 1474 2734 amplifican-

285 2767 348 2831 tur;
381 2781 438 2838 qua
460 2763 496 2820 de
518 2781 550 2819 re
573 2763 609 2820 ef.
633 2761 782 2830 Flessam,
813 2759 865 2837 qui
889 2766 1022 2820 accurate
1052 2762 1105 2818 has
1136 2779 1238 2819 scenas
1261 2745 1472 2836 comparavit3

287 2864 364 2941 qnod
386 2882 460 2922 vero
484 2884 600 2922 causam
623 2883 725 2932 suam,
757 2881 809 2918 cur
831 2861 964 2934 venerit,
994 2862 1212 2922 accuratissime
1241 2862 1363 2921 chorum
1398 2882 1476 2938 pro-

285 2967 428 3023 ferentem
451 2967 532 3040 facit,
558 3003 591 3010 —
618 2970 715 3041 aptam
738 2964 909 3038 ineptamve
932 2965 1085 3040 Euripidis
1108 2984 1167 3024 non
1190 2965 1349 3036 intererat,
1381 2966 1475 3022 dum·

287 3069 372 3125 modo
395 3067 525 3146 aliquam
548 3069 667 3128 disertis
690 3068 789 3127 verbis
808 3068 913 3125 afferat
941 3101 984 3110 -—
1014 3069 1070 3126 hac
1097 3086 1127 3125 re
1155 3067 1348 3143 Sophoclem,
1381 3067 1472 3126 cuius

285 3171 391 3227 chorus
415 3171 562 3245 expressis
585 3170 684 3228 verbis
715 3170 826 3227 nullam
858 3170 978 3228 omnino
1009 3171 1123 3245 profert
1152 3190 1285 3241 caueam,
1315 3169 1473 3242 corrigere

197 3285 198 3288 ’
285 3271 333 3330 vel
355 3291 494 3346 superare
516 3273 675 3349 Euripides
698 3272 755 3332 sibi
778 3272 901 3331 fortasse
923 3273 1007 3334 visus
1031 3279 1085 3332 est.

371 3375 513 3451 Idemque
536 3375 598 3432 fere
620 3375 718 3433 nescio
741 3395 778 3433 an
800 3375 988 3433 iudicandum
1011 3375 1052 3434 sit
1073 3378 1109 3434 de
1132 3376 1231 3435 verbis
1254 3377 1324 3434 Eur.
1348 3395 1377 3434 v.
1403 3377 1470 3433 297

286 3497 349 3554 sqq.
372 3470 456 3552 eripui
479 3468 531 3534 miv
547 3468 638 3535 αὐτὸν
653 3473 721 3556 spid'
745 3474 814 3555 ἔρον
836 3478 936 3552 ψυχῆς
951 3473 1025 3553 ἔχω·
1050 3471 1153 3555 πρόσω
1175 3473 1230 3556 peip
1255 3471 1365 3546 dioscore
1388 3464 1474 3534 οὖσα

284 3573 339 3636 τᾶν
368 3571 450 3636 πόλει
479 3572 556 3636 κακαὶ
587 3571 642 3637 οὐκ
672 3571 756 3649 οἶδα,
791 3581 845 3637 νῦν
874 3575 907 3637 δὲ
934 3573 1079 3655 βούλομαι
1109 3575 1190 3659 κᾶγώ
1223 3584 1348 3657 μαθεῖν,
1388 3601 1474 3659 quae

285 3685 374 3741 verba
397 3682 470 3739 mihi
493 3682 525 3740 in
548 3683 629 3741 chori
660 3701 710 3742 ore
732 3682 787 3740 vix
817 3688 887 3758 epta
916 3684 1073 3754 videntum
1103 3703 1170 3741 uam
1201 3685 1317 3742 easdem
1339 3683 1472 3762 puellas,

287 3804 361 3860 quae
393 3791 452 3842 tam
482 3785 589 3842 intima
621 3787 755 3844 Electrae
787 3785 1001 3846 consuetudine
1032 3791 1173 3857 utuntur,
1206 3791 1239 3844 ut
1268 3787 1403 3866 quamvis
1435 3787 1475 3846 in

285 3885 455 3944 universum
478 3907 526 3946 res
550 3888 670 3959 celetur,
694 3908 758 3946 eam
782 3894 904 3963 nuptam
921 3887 1048 3973 quidem,
1072 3890 1122 3946 sed
1146 3887 1380 3961 virginemesse
1403 3909 1473 3950 non

285 3989 439 4061 ignorent,
471 4009 545 4067 quae
576 4010 605 4052 v.
631 3994 690 4047 193
713 3997 851 4049 monent:
886 3988 983 4058 δοκεῖς
1004 3993 1079 4048 τοῖσι
1109 3994 1173 4059 σοῖς
1195 3983 1338 4068 δακρύοις
1360 3985 1402 4067 μὴ
1430 4015 1476 4051 τι-

285 4092 370 4164 μῶσα
393 4082 487 4158 decdo
509 4086 665 4167 κρατήσειν
688 4089 823 4169 ἐχθρῶς
857 4095 990 4167 easdem,
1014 4095 1159 4171 quomodo
1182 4095 1414 4168 Agamemnonis
1443 4073 1479 4157 et

285 4194 418 4252 Electrae
438 4211 485 4252 res
508 4213 539 4250 se
554 4194 693 4268 habeant,
715 4195 859 4270 ignorare
875 4215 945 4253 num
968 4195 1076 4271 putas?
1120 4198 1232 4256 Iterum
1248 4196 1348 4271 igitur,
1374 4203 1409 4256 ut
1436 4201 1478 4259 de

284 4295 364 4360 chori
388 4295 608 4356 introductione
632 4295 789 4372 Euripides
811 4302 845 4356 ut
867 4299 998 4358 omnium
1021 4318 1119 4357 rerum
1149 4304 1179 4358 et
1202 4319 1354 4359 scenarum
1379 4320 1479 4384 quam
