3238 4956
645 305 926 398 aas

160 496 227 566 ei'ne
259 489 495 564 dubitationibus
527 525 665 565 caesurus
693 512 753 580 est',
785 508 889 567 matris
919 509 1000 568 'omni
1031 519 1128 569 Amore
1142 517 1269 576 J'exnths'
1299 493 1348 572 vei

161 609 272 684 potins,
296 607 321 666 si
343 607 409 666 fieri
432 615 546 683 potest,
578 628 725 688 nusquam
747 609 879 669 imbutus
902 631 979 683 esse,
1010 611 1063 670 vix
1095 632 1227 691 unquam
1250 614 1348 692 Clyte·

160 720 304 770 mestrem
333 719 367 769 ut
397 717 520 770 matrem
551 694 709 785 agnovisse
731 713 833 785 debet;
863 713 954 791 idqu‘e
986 734 1017 772 re
1047 699 1119 774 aera
1150 716 1257 774 factum
1294 725 1347 779 est.

161 815 240 872 Nam
255 833 292 870 ex
308 812 461 888 Sophoclis
477 812 651 872 inventione
668 815 787 874 Orestes
804 835 841 874 ne
856 814 955 873 infans
973 803 1092 892 quidem
1107 825 1232 876 matrem
1249 839 1347 880 amare

160 917 280 992 potuit,
307 915 419 993 quippe
442 936 459 973 a
483 935 541 992 qua
562 915 621 974 iam
643 917 700 974 hac
722 924 818 975 aetate
842 917 994 991 neglectus
1017 919 1151 977 Electrae
1169 913 1347 981 'sororisoli

161 1021 338 1078 adhaereret
359 1017 409 1096 (cf.
433 1037 461 1076 v.
488 1015 598 1093 1148),
628 1036 704 1095 qnae
724 1019 828 1080 matris
861 1024 891 1077 et
920 1019 1046 1078 nutricis
1066 1021 1131 1080 loco
1154 1022 1346 1082 fraterculum

161 1121 264 1180 coluit.
309 1122 415 1179 Postea
436 1139 509 1178 vero
530 1119 650 1178 Orestes
681 1139 697 1177 a
727 1128 822 1178 matre
852 1120 918 1195 ipsa
948 1142 1042 1196 paene
1066 1123 1177 1181 occisus
1208 1135 1346 1184 asarota

159 1229 298 1283 servatus
320 1227 351 1281 et
371 1223 542 1297 paedagogo
564 1221 623 1280 fido
645 1220 773 1280 traditus
796 1230 856 1294 est,
890 1224 941 1301 qui
965 1224 1183 1284 adulescentem
1212 1225 1244 1284 in
1266 1227 1347 1292 Stro-

160 1325 228 1401 phii
258 1327 344 1382 domo
375 1323 501 1384 ultorem
532 1323 626 1397 patris
654 1324 761 1381 educat
789 1325 837 1400 (cf.
871 1345 899 1387 v.
925 1330 960 1383 11
987 1327 1080 1405 sqq.);
1118 1347 1215 1404 neque
1246 1334 1345 1386 tamen

144 1429 256 1487 *solum
280 1425 373 1502 patris
396 1424 483 1482 occisi
506 1425 648 1497 ultorem,
680 1427 732 1484 sed
763 1427 850 1484 etiam
872 1428 1067 1486 liberatorem
1096 1407 1205 1486 sororis
1234 1449 1347 1488 summa

160 1529 241 1588 mala
263 1549 280 1586 a
301 1536 395 1588 matre
418 1546 535 1603 passam
568 1527 615 1585 cui
644 1527 738 1586 sorori
767 1527 832 1602 ipse
855 1528 949 1588 vitam
972 1550 1054 1588 snam
1078 1531 1166 1588 dehet
1197 1529 1237 1606 (v.
1262 1531 1346 1608 321),

159 1650 216 1706 per
240 1650 328 1709 quam
361 1637 471 1708 quanta
500 1650 565 1687 cum
588 1629 728 1705 superbie
757 1639 846 1708 atque
878 1631 1000 1690 andacia
1028 1630 1143 1690 inimici
1173 1651 1204 1689 se
1232 1633 1347 1706 jactent

159 1734 270 1792 certior
293 1733 337 1790 fit.
381 1732 443 1790 Iam
467 1731 589 1790 ultionis
612 1739 728 1807 tempus
751 1734 843 1792 adest.
889 1733 1059 1808 Apollinem
1092 1752 1150 1790 non
1179 1739 1278 1792 utrum
1301 1735 1346 1792 ul-

160 1835 277 1895 tionem
301 1841 397 1892 sumat
420 1854 514 1894 necne
536 1867 578 1878 —
602 1854 669 1892 nam
691 1836 746 1892 hac
775 1835 810 1892 do
833 1855 865 1892 re
888 1834 1007 1893 omnino
1037 1833 1174 1908 dubium¹
1190 1855 1253 1893 esse
1286 1856 1345 1894 non

159 1944 262 2012 potest
283 1969 324 1978 -
346 1937 399 1996 sed
422 1956 480 2016 qua
502 1937 617 1995 ratione
639 1935 783 1994 ultionem
802 1937 936 2012 perficiat
957 1936 1131 2011 interrogat·
1144 1937 1185 2013 (v.
1202 1937 1271 2013 33),
1287 1956 1347 2016 qna

159 2051 314 2115 comperta
335 2038 368 2096 in
391 2038 518 2114 patriam
541 2059 623 2097 suem
645 2039 725 2097 redit
747 2047 827 2097 certo
850 2059 916 2097 eum
939 2036 1062 2098 consilio
1085 2057 1139 2113 per
1162 2037 1263 2096 dolum
1283 2039 1346 2098 scil.

159 2161 217 2217 per
239 2141 365 2200 eundem
388 2143 514 2213 modum,
539 2161 597 2219 qno
621 2141 815 2216 Clytemestra
838 2147 1090 2214 Agamemnonem
1111 2139 1262 2214 occiderit,
1283 2160 1346 2200 rem

160 2242 338 2318 perficiendi
360 2250 450 2320 atque
473 2242 566 2319 patris
582 2243 798 2314 interfectores,
822 2242 873 2320 qui
896 2261 927 2300 se
950 2241 1048 2317 ipsum
1071 2260 1190 2320 quoque
1213 2242 1346 2302 occidere

160 2346 350 2419 studuerunt,
373 2345 544 2412 ulciscendi.
588 2346 653 2403 Iam
675 2364 746 2404 vero
769 2344 821 2402 ubi
851 2344 928 2404 cirro
958 2343 1120 2404 sacrificato
1149 2343 1217 2419 ipse
1239 2343 1346 2419 patriis

160 2449 285 2507 aedibus
312 2447 551 2525 appropinquat,
583 2467 648 2504 curn
679 2446 759 2521 alias,
773 2447 914 2504 mulieres
943 2453 1005 2506 tum
1027 2445 1177 2520 virginem
1200 2445 1347 2522 conspicit

163 2550 243 2609 male
266 2549 420 2621 vestitam,
453 2549 534 2626 turpi
557 2548 661 2607 habitu
684 2549 835 2620 affectam,
858 2568 980 2625 corpore
1003 2555 1202 2622 extenuatam.
1246 2551 1347 2626 Atque

159 2655 241 2712 hano
262 2652 403 2710 feminam
425 2650 625 2710 miserabilem
648 2650 778 2728 querelis
800 2651 860 2709 illis
883 2651 984 2709 effusis
1007 2670 1137 2709 sororem
1159 2669 1242 2709 snam
1262 2650 1346 2708 Elec·

161 2765 240 2814 tram
263 2754 413 2829 agnoscit;
446 2760 537 2832 atque
567 2753 777 2828 recognitione.
801 2774 856 2829 per
885 2755 1033 2813 Electram
1064 2754 1345 2833 quoqneperfecta,

162 2865 275 2936 quanto
306 2857 366 2915 iam
395 2857 534 2931 impletus
568 2862 633 2914 erat
665 2853 732 2913 odio
763 2855 856 2930 patris
878 2855 1118 2927 interfectorum,
1151 2855 1207 2912 hac
1236 2855 1345 2914 sororis
1368 2841 1373 2850 ⁸

159 2959 324 3019 miserabili
356 2958 530 3018 condicione
560 2956 702 3016 acerrime
725 2957 910 3031 exagitatus,
943 2976 1019 3034 quae
1041 2956 1100 3014 alia
1122 2955 1255 3016 facinora
1277 2957 1344 3033 Oly-

161 3068 303 3122 tamestra
329 3059 518 3132 commiserit,
541 3058 705 3134 comperire
727 3057 787 3116 iam
810 3079 870 3117 non
892 3059 958 3116 vult
980 3060 1021 3134 (v.
1047 3059 1156 3133 1289),
1178 3059 1231 3117 sed
1252 3059 1345 3118 solam

163 3163 307 3222 ultionem
329 3161 361 3220 in
385 3164 482 3220 animo
505 3164 618 3234 habens
647 3163 856 3237 apaedagogo
889 3170 919 3219 et
940 3161 1053 3238 Pylade
1084 3159 1203 3219 adiutus
1230 3162 1344 3220 adhoc

162 3265 295 3324 officium
318 3265 505 3342 efficiendum
528 3265 715 3338 aggreditur3
738 3264 769 3320 in
794 3283 851 3341 quo
873 3262 938 3338 ipso
961 3264 1040 3321 hunc
1054 3263 1151 3323 virum
1173 3263 1225 3322 tali
1247 3263 1344 3323 animo

161 3367 333 3446 talibusque
355 3367 487 3426 moribus
509 3365 676 3442 praeditum
700 3366 881 3424 exorabilem
904 3374 993 3444 atque
1015 3365 1165 3425 infirmum
1188 3367 1251 3426 fore
1273 3386 1344 3424 num

159 3468 270 3546 putas?
371 3523 372 3534 ,

248 3575 311 3632 Iam
334 3578 445 3650 quanto
468 3572 565 3632 studio
586 3573 747 3649 Sophocles
769 3573 801 3632 in
824 3575 912 3631 rebus
934 3572 1077 3632 ultionem
1100 3569 1343 3630 antecedentibus

160 3674 368 3753 imprimisque
398 3675 431 3733 in
464 3675 595 3733 moribus
628 3694 821 3751 personarum
853 3673 1055 3733 describendis
1084 3672 1197 3731 animos
1227 3680 1344 3731 nostros

161 3777 266 3836 liberis
299 3776 482 3851 conciliarit,
516 3784 618 3837 contra
647 3778 873 3855 Clytemestram
904 3774 1064 3849 exagitarit
1094 3773 1211 3848 cognito
1246 3774 1344 3833 nescio

158 3899 198 3938 an
220 3879 299 3940 idem
322 3877 477 3938 consilium
499 3879 531 3938 in
554 3879 650 3938 scenis
672 3880 816 3940 ultionem
838 3879 933 3955 ipsam
949 3876 1171 3936 continentibus
1194 3883 1343 3954 appareat,

157 3982 190 4040 in
214 3982 339 4056 ratione,
363 4003 421 4061 qua
443 3982 491 4041 his
512 3984 545 4042 in
566 3984 654 4042 rebus
677 3982 839 4042 tractandis
862 3981 898 4037 ab
919 3979 1070 4056 Aeschylo
1094 3977 1263 4039 decesserit.

247 4090 346 4164 Atque
369 4104 486 4144 scenam
515 4084 639 4144 ultionis
661 4083 854 4160 Sophocleam
884 4101 950 4140 cum
973 4083 1140 4159 Aeschylea
1172 4099 1344 4155 comparan-

157 4187 239 4246 tibus
261 4188 335 4244 haec
357 4185 458 4245 statim
490 4187 620 4246 occurrit
649 4183 837 4246 differentia:
871 4185 951 4258 apud
972 4185 1155 4261 Aeschylum
1177 4180 1341 4255 Aegisthus

159 4290 240 4368 prior
263 4297 331 4365 post
352 4308 469 4348 scenam
491 4288 636 4362 celeriter,
658 4293 692 4347 ut
714 4307 825 4364 paucae
848 4285 941 4344 solum
964 4285 1195 4344 exclamationes
1219 4283 1342 4342 audian-
