3238 4956
675 309 868 379 ..9-

177 482 280 546 neseio
303 505 340 544 an
362 477 499 565 plerique
519 487 579 548 hoo
600 485 707 547 vitium
728 487 945 562 commiserint,
974 492 1009 548 ut
1038 508 1098 548 non
1121 488 1192 549 satis
1215 495 1300 550 caute
1323 489 1360 550 ud

177 608 239 648 rem
261 589 392 664 aggressi
416 589 594 650 sententiam
617 610 698 649 suum
722 589 848 670 quisque
871 593 929 650 non
952 595 1012 650 tam
1034 612 1053 650 a
1067 591 1215 668 principio
1236 594 1361 652 fundare

179 711 268 771 quam
290 690 383 750 variis
404 693 492 750 rebus
516 692 656 751 adiuvare
679 692 778 752 conati
801 691 870 752 sint.
923 692 1020 758 Quare
1043 695 1153 753 factum
1176 701 1231 770 est,
1253 701 1287 753 ut
1309 695 1362 753 alii

176 793 289 853 multas·
316 812 363 852 ree
392 792 627 868 investigarent,
658 815 731 872 quas
754 794 930 872 Sophoclem
961 797 998 853 ab
1021 795 1166 872 Euripide
1196 801 1361 857 mutuatum

178 916 243 956 esee
264 896 311 954 illi
333 915 505 973 persuasum
527 899 678 957 habebant
700 901 730 956 et
752 898 881 957 mutuari
904 897 1036 973 potuisse
1069 909 1132 957 non'
1159 906 1205 959 est
1227 919 1279 959 cnr
1301 920 1361 959 non

179 1000 383 1071 concedamus,
405 997 459 1058 ubi
481 998 862 1074 certioribueargumoutis
885 999 1060 1076 Sophoclem
1082 976 1275 1077 posteriorem
1298 1023 1361 1062 esse

177 1100 393 1178 probaverint;
423 1100 475 1160 alii
497 1105 606 1162 multas
627 1121 674 1160 res
697 1107 727 1161 et
749 1101 895 1178 gravioris
923 1106 954 1162 et
975 1102 1097 1163 levioris
1120 1104 1262 1163 momenti
1284 1109 1361 1163 attu-

177 1205 288 1278 lerunt,
311 1205 418 1282 quibus
441 1204 615 1280 Euripidem
638 1205 833 1282 posteriorem
864 1225 928 1265 esse
958 1207 1140 1265 conabantur
1167 1206 1286 1284 quidem
1309 1208 1360 1266 de·
1431 1252 1436 1263 ,

177 1313 344 1367 monstrare
366 1325 464 1385 neque
486 1310 586 1366 tamen
615 1326 704 1366 unam
735 1308 854 1386 quidem
886 1326 948 1366 rem
971 1308 1125 1385 Euripidis
1155 1309 1219 1368 sive
1242 1328 1361 1370 versum

178 1410 246 1473 sive
269 1430 385 1468 scenam
409 1409 529 1468 omnino
551 1429 612 1468 non
635 1409 764 1484 intelligi
786 1430 883 1486 posse,
907 1410 966 1469 nisi
981 1411 1143 1488 Sophocles
1158 1410 1361 1485 antecesserit,

176 1514 392 1590 probaverunt.
438 1516 478 1571 At
500 1531 571 1570 num
593 1517 680 1588 putas
710 1517 770 1571 tam
801 1511 876 1572 certi
900 1511 1061 1591 quidquam
1093 1515 1211 1572 omnino
1242 1515 1361 1572 demon-

177 1615 269 1675 strari
291 1613 397 1691 posce?
441 1614 552 1690 Spero,
581 1614 728 1690 imprimis
751 1634 816 1673 oum
840 1614 954 1674 fabulas
976 1613 1042 1672 illae
1065 1619 1125 1675 tam
1155 1615 1257 1691 plenas
1280 1616 1361 1674 simi·

177 1718 254 1776 lium
276 1736 383 1791 rerum,
404 1709 476 1776 ¹nou
499 1719 593 1777 solum
616 1719 774 1776 verborum
804 1719 856 1776 sed
878 1717 967 1776 etiam
990 1737 1152 1791 scenarum,
1182 1737 1245 1778 esse
1275 1719 1361 1777 facile

177 1824 389 1894 cognoscatur,
421 1824 455 1879 ut
485 1826 587 1879 omnes
618 1821 734 1878 easdem
765 1839 812 1878 res
842 1818 891 1879 vel
923 1819 1034 1878 similes
1064 1841 1097 1879 ac
1119 1819 1281 1880 sententias
1310 1842 1362 1879 sua

178 1926 286 1997 sponte
308 1921 340 1979 in
362 1921 522 2001 utriusque
538 1922 660 1998 ingenio
684 1925 801 1981 exortas
824 1941 888 1980 esee
911 1921 965 1982 rix
985 1928 1090 1998 putare
1112 1923 1231 1998 possim.
1277 1923 1362 1986 Quod

178 2022 344 2083 diiudicare
367 2026 491 2084 fortasse
523 2025 640 2085 facilius
669 2032 715 2084 est
743 2044 803 2083 non
837 2025 873 2082 de
895 2024 1022 2100 siugulis
1051 2025 1152 2087 verbis
1183 2027 1234 2084 sed
1265 2026 1361 2084 scenis
1394 2080 1397 2085 ,
1430 2077 1432 2082 .

178 2126 342 2200 similibue;
378 2132 468 2207 atque
504 2129 581 2187 hunc
618 2127 737 2206 quidem
768 2127 913 2186 rationem
948 2127 1147 2186 Wilumowitz
1186 2128 1245 2186 iam
1276 2129 1362 2202 ursit,

179 2229 233 2307 qui
255 2211 408 2288 scenarum
432 2231 614 2309 quarundam
635 2229 848 2305 compositione
865 2229 1016 2316 simillima
1038 2229 1250 2303 animadversa,
1273 2252 1361 2311 quam

179 2350 241 2390 non
263 2332 340 2391 forte
362 2333 542 2411 fortunaque
564 2332 706 2391 accidisse
736 2350 908 2407 persuasum
931 2332 1037 2404 habet,
1067 2330 1100 2389 in
1133 2332 1227 2391 utrius
1255 2339 1361 2410 poetae

179 2435 395 2510 compositione
424 2436 479 2494 hae
508 2455 555 2495 res
585 2435 736 2494 meliorem
767 2452 883 2492 caueam
912 2434 1058 2507 habeant,
1097 2434 1253 2512 inquirens
1283 2437 1362 2494 huuc

178 2537 310 2613 priorem
332 2557 394 2596 esse
417 2542 511 2613 putat,
535 2537 646 2616 quippe
670 2535 756 2616 quia,
791 2555 864 2615 quas
894 2554 940 2594 res
963 2542 1043 2595 certa
1074 2538 1110 2596 de
1133 2557 1220 2598 causa
1241 2538 1362 2601 invenit

177 2645 270 2716 poeta
285 2640 361 2720 quis,
383 2641 437 2699 has
460 2640 495 2713 is,
519 2641 571 2720 qui
586 2640 723 2718 sequitur
744 2639 824 2699 idem
846 2643 976 2698 tractans
991 2645 1206 2712 argumentum,
1229 2640 1362 2717 recipere

178 2742 392 2819 potestatium
414 2743 498 2801 nulla
520 2762 589 2801 suae
611 2742 707 2819 ipsius
730 2740 950 2819 compositionis
981 2760 1068 2800 causa
1097 2746 1177 2802 certa
1207 2745 1361 2803 adductus.

267 2844 361 2907 Quam
385 2844 611 2919 argumentandi
634 2845 779 2904 rationem
808 2843 944 2924 quamvis
970 2846 1077 2904 bonam
1107 2850 1138 2904 et
1159 2846 1209 2904 vel
1232 2844 1362 2904 maxime

177 2952 290 3006 certam
305 2953 442 3024 putemus
464 2947 592 3028 ideoque
610 2947 696 3006 uobis
719 2951 837 3026 quoque
853 2947 1095 3024 persequendam,
1119 2951 1217 3005 tamen
1240 2967 1361 3006 monen-

178 3052 249 3108 dum
281 3033 341 3122 est,
371 3054 405 3108 ut
432 3035 522 3129 ¹quam
554 3048 721 3109 cautissime
750 3053 780 3107 et
809 3047 924 3108 cautius
953 3069 1042 3126 quam
1065 3048 1265 3109 Wilamowitz
1298 3069 1361 3109 rem

179 3152 399 3228 aggrediamur.

187 3275 193 3280 ·
265 3254 402 3329 Etenim,
432 3255 571 3334 quoniam
593 3255 761 3333 Aeschylus
792 3274 910 3333 quoque
940 3256 1063 3314 eandem
1094 3274 1156 3313 rem
1178 3254 1361 3331 Ohoephoris

177 3378 234 3416 sua
256 3357 356 3416 fabula
378 3358 520 3419 tractavit
551 3359 588 3416 ab
620 3377 714 3438 eoque
747 3357 818 3416 satie
840 3357 948 3417 multas
970 3376 1017 3416 res
1040 3347 1172 3433 siugulas
1195 3361 1361 3417 mutuatum

176 3479 243 3518 esse
266 3466 296 3519 et
318 3461 493 3536 Sophoclem
516 3464 546 3520 et
567 3459 741 3537 Euripidem
764 3463 894 3533 constat,
925 3480 976 3518 eae
1006 3480 1052 3519 res
1076 3467 1106 3520 et
1136 3479 1256 3533 scenae,
1289 3479 1360 3537 quas

177 3566 307 3642 uterque
329 3563 592 3641 racipere'potnit
621 3564 657 3621 ab
681 3564 848 3640 Aeschylo,
879 3582 912 3622 ec
941 3563 1062 3622 minoris
1091 3561 1233 3621 momenti
1256 3561 1359 3619 existi-

178 3651 305 3724 mandae
328 3671 413 3738 sunt,
438 3686 495 3743 quc
518 3665 637 3725 maioris
660 3685 728 3739 eae,
753 3685 845 3744 quae,
868 3685 933 3724 cum
955 3665 987 3723 in
1010 3664 1155 3742 Aeschyli
1177 3663 1279 3721 fabula
1300 3681 1360 3721 nou

172 3767 379 3841 inveniantur,
402 3769 479 3846 apud
494 3767 670 3844 Sophoclem
693 3772 724 3827 et
740 3767 912 3844 Euripidem
935 3767 1103 3825 simillimae
1126 3769 1247 3834 extant3
1271 3769 1361 3844 atque

173 3871 215 3928 de¹
243 3868 291 3928 his
320 3855 466 3947 imprimis
499 3890 601 3931 causas
632 3890 683 3930 cur
714 3875 846 3949 uterque·
875 3868 1074 3945 composuerit
1102 3867 1255 3947 inquirere
1287 3888 1360 3944 opus

173 3976 223 4031 est
244 3971 336 4050 idque
357 3973 409 4047 ita,
431 3977 465 4032 ut
487 3993 547 4033 non
570 3974 655 4033 modo
680 3971 922 4047 actionis-ipsius
944 3991 1133 4047 progressum
1155 3978 1185 4030 et
1207 3990 1361 4029 scenarum

173 4093 345 4134 connexum
368 4075 552 4151 singularum
574 4074 783 4151 respiciamus,
815 4074 867 4132 sed
898 4074 1056 4151 praecipue
1086 4072 1220 4133 universi
1242 4072 1360 4131 fabulae

173 4175 296 4237 consilii
318 4178 450 4256 artisque
473 4181 503 4236 et
524 4176 641 4252 ingenii
664 4182 769 4254 poetae
791 4175 905 4255 proprii
927 4177 1073 4236 rationem
1096 4178 1265 4236 habeamus.

264 4277 363 4341 Quare
385 4278 486 4339 nescio
509 4299 546 4340 cn
570 4279 732 4341 certissime
767 4282 805 4341 ad
833 4279 1018 4357 propositum
1048 4284 1181 4339 nostrum
1203 4278 1359 4355 pervenia-

1479 4547 1603 4920 l
