3238 4956
671 296 885 385 2219„

183 499 252 555 rum
285 505 361 575 'quae
383 483 527 571 placaret¹
547 497 578 554 et
607 497 727 557 caedem
749 497 873 556 alteram
895 498 1020 556 fortasse
1052 497 1250 557 offendentem
1279 505 1368 578 quant

183 597 315 658 maxime
337 600 499 672 obtegeret,
521 597 629 659 idonea
651 600 751 662 esset?

271 703 373 778 Atque
395 701 574 778 quambene
589 701 836 781 considerateque
859 702 930 761 feeit
944 702 1114 778 Sophocles,
1138 704 1217 780 quod
1233 702 1368 761 Orestem

184 803 307 862 omnino
330 822 390 861 non
413 822 472 860 una
495 822 561 861 cum
583 808 676 862 matre
697 803 732 863 in
754 824 842 864 scena
863 811 1050 878 versantem,
1073 825 1112 864 ne
1134 825 1225 863 unum
1248 803 1367 883 quidem

183 908 310 964 verbnm
326 925 392 964 cum
406 916 500 965 matre
515 905 674 966 facientem
688 907 818 981 induxit,
836 908 914 985 quod
929 907 1031 982 paucis
1047 907 1141 967 solum
1156 907 1292 966 versibus
1307 926 1367 964 ma-

184 1007 242 1066 tris
264 1009 368 1067 caedes
383 1009 537 1084 perficitur
551 1009 665 1088 vixque
683 1010 817 1085 perlecta
833 1029 867 1068 ea
883 1009 1004 1070 omnino
1020 1029 1080 1068 non
1095 1015 1212 1084 tempus
1236 1013 1280 1067 est
1294 1008 1367 1066 libe-

184 1109 228 1168 ris
243 1129 345 1188 neque
364 1111 512 1184 gaudendi
534 1131 633 1190 neque
648 1111 834 1189 poenitendi,
857 1111 1073 1188 spectatoribus
1089 1131 1176 1190 quam
1192 1111 1290 1170 dirum
1312 1112 1368 1170 hoc

184 1213 296 1271 factum
312 1212 352 1270 sit
368 1212 590 1288 considerandi3
614 1217 666 1273 sed
679 1214 739 1274 iam
755 1215 917 1290 Aegisthus
932 1219 1063 1290 apparet,
1091 1235 1179 1294 quem
1194 1220 1228 1273 ut
1242 1234 1275 1273 re
1298 1233 1368 1272 vera

184 1313 294 1390 puniet
309 1314 436 1390 Orestes,
458 1337 513 1376 nos
535 1337 595 1376 una
609 1337 675 1376 eum
689 1318 793 1376 liberis
810 1318 875 1376 eine
889 1318 950 1376 ulla
964 1318 1166 1377 misericordia
1181 1317 1315 1393 cupimus
1338 1321 1368 1376 et

184 1416 218 1474 in
241 1416 301 1476 fine
323 1417 440 1478 fabulae
463 1439 624 1496 speramus.
670 1420 765 1502 Quam
787 1421 917 1481 feliciter
939 1421 1148 1495 excogitatum,
1171 1421 1249 1498 quod
1271 1438 1368 1497 neque

186 1518 325 1578 Orestem
356 1540 453 1599 neque
481 1523 629 1581 Electram
662 1527 743 1599 post·
763 1522 908 1582 ultionem
937 1525 1026 1598 plane
1055 1523 1215 1599 perfectam
1247 1521 1367 1581 omnino

184 1621 355 1698 aspicimus,
377 1625 429 1682 sed
450 1626 507 1682 hoc
529 1624 593 1701 ipso
615 1630 764 1684 momento
786 1626 888 1685 fabula
909 1625 1023 1698 finitur,
1046 1645 1105 1703 quc
1128 1623 1268 1683 neniam
1290 1644 1368 1682 sum·

186 1724 257 1800 psit,
281 1726 333 1783 sed
354 1725 408 1784 vix
439 1731 610 1802 sumpturus
643 1731 688 1787 est
711 1726 836 1786 Orestes
853 1747 979 1803 poenam
1011 1727 1142 1804 epatris
1164 1727 1366 1785 interfectore.

186 1825 287 1889 Quare
309 1827 353 1902 iit,
375 1833 410 1887 ut
431 1829 524 1887 animi
547 1829 636 1888 etiam
659 1833 727 1905 post
748 1829 837 1888 finem
860 1830 978 1888 fabulae
1003 1850 1064 1888 non
1086 1835 1147 1890 tem
1169 1830 1286 1888 caedem
1308 1847 1369 1885 ma-

184 1929 242 2001 tris
264 1931 427 2005 perfectam
449 1950 537 2008 quam
559 1931 699 2006 Aegisthi
722 1932 931 2008 perficiendam
958 1937 1127 2008 spectantes
1149 1931 1227 1989 hanc
1250 1950 1368 2009 quoque

184 2031 311 2090 ultionis
332 2037 448 2109 partem
478 2033 609 2092 felicitur
632 2041 806 2094 eventuram
837 2054 900 2093 esse
923 2038 1060 2110 sperent,
1090 2033 1121 2092 id
1154 2034 1233 2111 qnod
1264 2039 1368 2108 poetae

187 2135 345 2194 consilium
367 2135 474 2208 fuit1).
906 2143 909 2152 ⁴

274 2240 316 2296 At
343 2237 460 2296 etiamsi
489 2237 576 2298 modo
604 2239 752 2314 descripto
782 2239 987 2320 crudelitatem
1022 2237 1182 2297 matricidii
1216 2237 1368 2296 infirmare

185 2343 278 2418 atque
301 2340 442 2414 obtegere
464 2345 586 2400 conatus
608 2345 654 2401 est
676 2347 773 2417 poeta,
795 2341 861 2417 ipse
883 2362 951 2400 suos
974 2345 1094 2400 conatus
1113 2339 1215 2399 irritos
1237 2339 1369 2399 reddidit

185 2441 288 2502 verbis
303 2443 438 2502 Electrae
461 2444 614 2519 (u1415)
638 2447 756 2517 παῖσον,
779 2441 807 2502 εἰ
827 2440 953 2518 σθένεις,
976 2443 1097 2518 διπλῆν,
1121 2463 1197 2521 quae
1211 2445 1304 2502 verba
1321 2441 1366 2500 ni-

185 2545 242 2603 mis
264 2547 338 2604 dura
360 2565 393 2604 ac
415 2545 580 2606 crudeliora
602 2549 680 2619 sunt,
703 2566 790 2625 quam
814 2567 889 2624 quae
910 2547 984 2606 ferri
999 2546 1124 2623 possint,
1146 2546 1255 2624 quibus
1276 2544 1368 2602 enimi

187 2647 329 2721 omnium,
353 2648 405 2726 qui
428 2651 572 2724 spectant,
594 2650 719 2708 horrore
734 2649 823 2708 huius
846 2650 925 2708 filiae
945 2649 1066 2726 impleri
1087 2650 1223 2707 debeant.
1266 2651 1368 2725 Atque

185 2770 221 2810 re
244 2770 316 2812 vera
336 2750 385 2808 his
406 2751 542 2810 Electrae
564 2750 665 2810 verbis
687 2751 784 2824 nisos,
819 2753 871 2830 qui
900 2752 1077 2828 Sophoclem
1106 2749 1367 2812 vehementissime

186 2853 410 2928 vituperarent,
441 2853 532 2911 fuisse
553 2851 612 2911 iam
635 2873 724 2928 supra
745 2854 890 2925 vidimus,
920 2860 955 2913 ut
977 2853 1204 2912 Heimbrodium
1227 2851 1314 2912 attuli
1337 2857 1368 2910 et
1437 2922 1441 2930 ,

185 2955 437 3015 Trahndcrffium.
480 2957 582 3034 Atque
610 2954 685 3013 mihi
714 2975 831 3034 quoque
852 2956 1042 3031 Sophoclem,
1076 2975 1142 3013 cum
1173 2955 1246 3012 haec
1276 2956 1368 3012 verbs

186 3058 323 3118 Electrae
353 3077 423 3116 suae
452 3059 552 3130 daret,
582 3057 613 3116 in
636 3057 792 3117 atrocitate
814 3057 902 3116 huius
923 3056 1050 3131 virginis
1073 3055 1266 3114 describenda
1289 3057 1368 3114 ultra

186 3163 308 3221 modum
329 3158 483 3220 transiisse
505 3159 600 3236 primo
615 3159 714 3220 visum
736 3180 799 3218 esse
813 3161 942 3219 libenter
957 3135 1094 3220 concedo.
1138 3163 1180 3218 At
1200 3158 1300 3216 neseio
1320 3178 1367 3231 an,

187 3283 247 3342 qua
269 3265 306 3323 de
329 3283 417 3323 cansa
439 3282 509 3322 suae
532 3262 670 3322 Electrae
692 3263 825 3336 dederit,
858 3282 918 3320 non
949 3261 1019 3321 satis
1042 3260 1192 3334 cognitum
1213 3262 1262 3319 vel
1285 3281 1368 3340 pres·

188 3386 254 3424 sum
276 3365 324 3428 sit.
369 3368 445 3425 Nam
466 3365 609 3443 Aeschyli
640 3385 757 3426 scenam
784 3364 1016 3438 Agamemnonis
1045 3365 1081 3420 ab
1110 3382 1203 3422 uxore
1235 3363 1312 3422 caesi
1342 3361 1368 3420 si

185 3487 406 3544 comparamus,
437 3465 668 3528 exclamationes
690 3469 904 3544 Clytemestrae
933 3466 1114 3542 Sophocleae
1143 3457 1218 3540 ὤμοι
1240 3459 1367 3541 πέπληγ-

187 3592 242 3647 μαι
269 3576 301 3630 et
323 3565 399 3647 ὤμοι
422 3562 487 3646 μάλ’
510 3557 603 3639 αὖθις
631 3571 749 3628 easdem
775 3589 855 3641 esse,
885 3588 959 3648 quas
980 3572 1162 3643 Agamemno
1185 3566 1368 3641 Aeschyleus

258 3825 285 3890 1)
301 3826 383 3886 Atque
401 3826 520 3874 hocloco
538 3841 649 3886 premere
666 3826 741 3872 liceat
758 3824 942 3872 similitudinem
960 3823 1080 3882 simulque
1098 3820 1278 3880 differentiam,
1305 3835 1368 3880 quae

184 3895 319 3942 intercedit
338 3897 402 3943 inter
413 3895 565 3955 Aeschylum
583 3900 607 3941 et
619 3894 766 3954 Sophoclem
784 3894 814 3940 de
826 3893 921 3940 somnio
939 3906 997 3938 suae
1015 3891 1047 3936 ab
1066 3895 1169 3948 utroque
1190 3889 1368 3949 Clytemestrae

185 3964 302 4014 similiter
320 3965 394 4027 dato3
420 3978 468 4024 quo
487 3965 519 4010 ad
534 3978 608 4022 quem
625 3964 700 4010 finem
717 3965 867 4022 perventura
885 3962 916 4008 sit
934 3974 979 4006 sua
997 3960 1083 4006 fabula
1100 3964 1202 4018 uterque
1219 3960 1268 4005 iam
1286 3958 1369 4018 priore
1402 4021 1403 4026 1

187 4037 260 4094 parte
279 4033 408 4092 significet.
443 4034 509 4079 Nam
527 4046 582 4079 cum
600 4032 739 4092 Aeschyleo
758 4030 854 4078 somnio
871 4029 943 4076 ,nihil
969 4029 1016 4074 nisi
1035 4027 1172 4088 perieulum
1189 4041 1266 4087 greve
1285 4025 1366 4085 Clyte·

185 4105 295 4149 mestrae
319 4102 450 4149 imminens
477 4102 662 4161 praenuntietur
695 4099 737 4164 (of.
761 4097 873 4157 Ohoeph.
900 4099 931 4143 32
951 4111 1022 4156 sqq.,
1049 4099 1096 4144 521
1125 4094 1206 4158 squ),
1234 4094 1368 4153 Sophocles

186 4171 286 4220 somnio
303 4184 348 4218 suo
366 4170 458 4218 honam
475 4171 599 4228 fortunam
625 4173 649 4216 et
665 4167 750 4229 generi
766 4166 908 4214 Atridarum
934 4171 958 4212 et
975 4167 1125 4226 Argivorum
1143 4172 1223 4211 terrae
1248 4163 1369 4222 praedicit

186 4239 274 4304 (Soph.
294 4253 318 4285 v.
338 4241 387 4287 417
407 4235 479 4301 equ),
506 4239 538 4285 ad
554 4251 629 4298 quam
645 4243 793 4298 perventum
812 4249 865 4282 esse
890 4236 915 4280 in
934 4236 982 4281 fine
1000 4233 1099 4282 fabulae
1117 4234 1205 4279 chorus
1224 4245 1369 4290 persuasum

186 4307 263 4357 babet
280 4321 379 4368 unaque
397 4321 453 4354 cum
470 4308 546 4355 choro
564 4311 716 4368 spectatores
734 4306 825 4353 sentire
842 4308 915 4364 poeta
932 4305 992 4350 vult.

1119 4383 1163 4450 2*
