3238 4956
649 329 865 412 ...15-

159 512 360 597 msgnsnimis
382 517 471 598 plene
494 519 641 581 contrarie
663 525 718 581 ost.
762 520 838 579 Nem
861 520 999 599 quumvis
1025 519 1094 598 ipss
1122 534 1241 602 quoqne
1268 516 1348 603 quod

161 629 249 698 peter
271 623 384 682 occisus
406 623 447 682 sit
468 624 576 696 doleet,
597 623 720 683 fratrem
742 628 821 682 emet
843 641 971 703 eumque
995 622 1162 684 rediturum
1185 643 1249 685 esse
1272 626 1348 686 ulto·

160 744 225 784 rem
247 729 357 801 speret,
379 725 557 801 Aegisthum
584 725 870 806 Olytomestremquo
895 725 1005 799 oderit,
1025 725 1232 788 interfectores
1254 729 1347 805 petris

161 827 345 906 supplicium
367 828 438 886 dere
459 827 506 886 ius
529 835 559 888 et
581 830 625 888 les
640 846 706 886 esse
721 828 863 888 concedet
885 827 935 907 (ol.
951 847 979 889 r.
997 833 1058 888 333
1075 835 1105 889 et
1123 829 1227 907 1042),
1248 835 1347 890 temen

163 929 269 988 metris
290 928 418 1007 imperio
441 931 603 990 oboediens
624 939 716 1008 etque
738 930 903 991 concedens
933 937 980 991 est
1001 930 1092 1010 idque
1114 932 1198 991 nulle
1230 933 1288 992 slis
1311 935 1347 992 de

162 1049 252 1090 ceusu
274 1032 333 1090 nisi
363 1034 443 1112 quod
478 1033 545 1109 plus
567 1031 714 1092 commodi
736 1033 813 1092 feret
843 1033 979 1110 tyrsnnis
1001 1033 1032 1092 vi
1063 1033 1265 1112 superioribus
1295 1039 1347 1095 ob·

165 1133 268 1194 oedire
290 1154 378 1213 quum
401 1155 567 1213 repugnare
590 1135 642 1211 (cf.
665 1153 716 1195 vr.
733 1139 804 1208 340,
828 1139 899 1216 336,
927 1139 1004 1195 1001
1022 1155 1077 1216 sq.,
1104 1135 1208 1217 1014).
1254 1135 1348 1200 Ouum

161 1255 321 1312 personum
351 1238 425 1297 setis
456 1237 583 1296 similem
608 1256 673 1296 esse
695 1238 879 1320 Aeschyleee
910 1239 1061 1312 Electrae,
1090 1258 1180 1318 quse,
1211 1240 1349 1318 quumvis

161 1339 262 1399 oderit
276 1347 410 1418 matrem,
432 1347 532 1400 temen
547 1340 612 1400 eins
628 1339 754 1418 imperio
771 1342 910 1400 obsecuta
924 1358 1007 1399 sacru
1027 1341 1066 1399 sil
1084 1341 1178 1418 petris
1201 1342 1348 1402 tumulum

162 1442 251 1516 leret,
273 1443 332 1501 ism
354 1462 444 1518 snprs
466 1442 693 1502 commemoravi
715 1441 757 1520 (p.
783 1440 843 1519 ll).

248 1548 351 1622 Atque
374 1564 442 1604 oum
462 1545 520 1603 hoo
543 1565 582 1603 ex
605 1551 690 1621 porte
712 1550 801 1622 poete
831 1544 944 1605 animos
973 1551 1089 1606 nostros
1119 1567 1208 1625 qnam
1230 1547 1349 1624 potissi-

161 1666 246 1708 mum
268 1647 404 1706 Electrae
427 1646 651 1719 conciliaverit,
681 1646 775 1706 alters
806 1666 844 1705 ex
866 1653 951 1723 purte
973 1653 1097 1708 metrem
1130 1656 1199 1726 post
1228 1652 1349 1709 caedem

161 1751 273 1809 fectum
295 1749 389 1809 multo
411 1747 668 1809 vehementiorem
695 1769 730 1809 sc
760 1749 955 1810 crudeliorem
978 1749 1114 1812 ridemus
1145 1773 1234 1833 quem
1257 1752 1349 1811 Ohoe·

84 1883 87 1888 ·
160 1854 324 1928 phororum
345 1851 588 1930 Olytemestrsm,
611 1852 719 1924 telem,
742 1849 826 1911 ouius
849 1853 938 1912 coede
959 1853 1023 1912 iere
1045 1855 1128 1913 nulls
1147 1853 1350 1914 misericordis

161 1954 329 2027 excitetur,
359 1973 436 2033 quse
467 1953 549 2015 omni
570 1954 734 2014 liberorum
763 1972 862 2013 umore
884 1954 973 2031 plane
996 1962 1116 2015 exutum
1146 1976 1178 2016 se
1200 1958 1350 2034 praebeat.

162 2057 285 2116 Etenim
315 2075 382 2116 oum
406 2057 573 2133 Aeschyleo
594 2057 791 2134 Clytemestra
819 2056 953 2117 Orestem
984 2057 1079 2116 filium
1099 2058 1159 2118 iem
1182 2065 1251 2119 ente
1273 2058 1352 2118 redi·

161 2167 228 2218 tum
251 2161 483 2234 Agamemnonis
512 2179 529 2219 e
562 2162 649 2219 domo
677 2157 810 2233 miserit,
842 2179 900 2239 quo
933 2159 1066 2220 securius
1096 2181 1129 2220 so
1158 2159 1350 2240 tranquillius

162 2263 304 2336 Aegisthi
328 2263 541 2322 consuetudine
559 2269 694 2322 uteretur
710 2261 785 2339 ipse,
807 2263 973 2339 Sophocles
995 2263 1191 2340 Clytemestra
1214 2263 1349 2323 Orestem

162 2366 323 2442 puerulum
346 2367 435 2443 pleno
457 2366 648 2425 innocentem
675 2384 735 2425 uns
765 2384 831 2425 oum
853 2370 939 2442 petre
959 2364 1128 2427 interficere
1150 2365 1271 2439 studuit,
1294 2368 1347 2426 sed

165 2470 204 2527 sb
227 2469 355 2542 Eleotrs,
378 2467 537 2547 quominus
559 2467 654 2528 scelus
677 2467 849 2545 perficeret,
871 2467 1017 2544 impedite
1039 2475 1099 2543 est,
1131 2488 1206 2549 quse
1229 2470 1351 2529 fratrem

163 2589 221 2646 per
242 2571 343 2630 tlolum
364 2571 502 2631 munibus
524 2572 627 2630 metris
650 2569 764 2648 eripuit
786 2591 820 2630 33
841 2557 993 2645 serverit;
1016 2571 1101 2631 cuius
1123 2572 1167 2632 rei
1189 2571 1262 2630 setis
1284 2591 1351 2647 grs-

166 2673 216 2732 vis
238 2673 332 2735 variis
362 2673 435 2735 locis
463 2674 576 2734 mentio
609 2673 660 2747 fit,
690 2674 776 2736 velut
805 2674 905 2734 stetim
926 2673 958 2733 in
982 2674 1106 2751 prologo
1128 2693 1182 2751 per
1204 2676 1351 2753 psedsgo-

166 2796 254 2851 gum,
282 2777 389 2837 deinde
419 2796 474 2855 per
495 2777 644 2838 Eleotrsm
665 2777 698 2836 in
728 2777 862 2836 cretione
891 2776 946 2837 ills
975 2783 1043 2853 post
1072 2796 1218 2838 oommnm
1249 2776 1351 2836 habits

166 2883 209 2953 (v.
233 2881 304 2954 337)
325 2879 533 2960 imprimisque
554 2880 586 2940 in
609 2879 739 2959 querelis
761 2881 798 2939 de
818 2879 920 2940 fratris
943 2880 1043 2941 cinere
1065 2878 1168 2940 effusis
1190 2879 1231 2958 (v.
1257 2881 1351 2957 1133)

167 2982 189 3042 i.
214 3000 240 3043 s.
262 2983 350 3060 poulo
373 2990 443 3044 onte
465 2984 619 3058 ultionem,
643 2982 772 3062 denique
794 2983 827 3041 in
848 2982 939 3043 huius
961 2983 1056 3061 ipsius
1077 3001 1165 3043 scens
1187 2984 1229 3060 (v.
1248 2983 1352 3059 1411).

166 3085 343 3163 Sophoclem
365 3086 460 3162 igitur
479 3086 579 3165 ipsum
602 3105 662 3146 non
677 3085 763 3163 persi
777 3084 921 3146 momenti
943 3087 1021 3146 hono
1035 3083 1241 3144 inventionem
1263 3085 1352 3144 sesti·

169 3207 266 3248 messe
288 3190 326 3248 ed
348 3190 463 3250 enimes
484 3194 599 3249 nostros
630 3193 735 3249 contre
756 3190 983 3267 Olytemestrem
1005 3187 1169 3249 movendos
1191 3185 1351 3263 cognoscis.

167 3295 271 3370 Atque
293 3291 411 3370 quslem
433 3291 466 3350 in
489 3293 578 3353 ossde
599 3290 667 3369 ipss
687 3291 886 3369 perficienda,
909 3291 1000 3350 telem
1022 3289 1094 3350 setis
1116 3289 1169 3349 diu
1191 3295 1259 3368 post
1281 3309 1353 3368 quo-

169 3413 228 3473 que
251 3413 283 3453 se
304 3396 436 3471 praebet.
481 3394 630 3454 Electrum
654 3393 743 3467 enim,
766 3394 846 3474 quod
869 3393 1004 3453 Orestem
1026 3391 1171 3466 servarit,
1202 3399 1353 3452 contume-

168 3497 220 3556 liis
241 3495 352 3572 3111311,
377 3498 457 3576 quod
477 3497 572 3575 petris
594 3504 720 3558 mortem
744 3505 901 3576 queretur,
923 3495 1185 3556 vehementissime
1206 3495 1239 3553 in
1261 3494 1353 3553 filium

169 3599 326 3661 invehitur
348 3600 401 3680 (cf.
423 3619 452 3661 r.
469 3605 530 3658 288
553 3598 649 3680 sqq.);
681 3599 741 3659 nisi
763 3599 888 3660 desierit
910 3599 1012 3678 queri,
1042 3598 1076 3658 in
1097 3604 1183 3657 untro
1206 3599 1353 3656 subterre-

166 3721 226 3762 neo
249 3721 313 3763 eom
333 3703 519 3763 inclusurum
542 3721 606 3762 esse
621 3701 800 3778 Aegisthum
822 3703 954 3763 minetur
976 3701 1026 3780 (ol.
1042 3720 1072 3761 v.
1089 3705 1151 3758 330
1167 3705 1199 3760 ot
1214 3719 1243 3762 v.
1261 3699 1351 3774 627);

169 3813 261 3885 utque
282 3806 400 3866 etismsi
422 3805 537 3867 somnio
567 3807 695 3885 quodem
725 3805 885 3883 perterrito
907 3799 1155 3882 Chrysothemin,
1187 3807 1223 3863 ut
1253 3821 1354 3863 menes

169 3907 266 3985 putris
287 3910 397 3986 plsoet,
419 3928 502 3970 suess
523 3909 650 3969 lstnrsm
671 3907 775 3981 mittit,
795 3914 897 3968 temen
918 3907 990 3966 fecti
1012 3905 1058 3965 sui
1080 3923 1145 3965 esm
1168 3924 1228 3965 non
1251 3904 1354 3982 poeni·

170 4016 224 4087 tet,
246 4012 300 4072 ssd
321 4032 353 4072 se
375 4012 538 4073 sceleribus
561 4011 623 4071 suis
645 4011 787 4089 perfectis
808 4009 937 4086 gaudere
960 4026 1059 4068 corum
1080 4008 1201 4069 Electus
1231 4014 1262 4067 et
1291 4028 1354 4066 mn·

170 4115 295 4175 lieribns
317 4115 415 4194 pelsm
437 4115 633 4194 pronuntisro
654 4133 716 4174 non
737 4118 861 4176 veretur
882 4113 934 4190 (ol.
957 4131 986 4173 v.
1011 4112 1096 4190 549).
1142 4112 1188 4170 Ab
1210 4110 1353 4186 Apolline

170 4237 253 4295 vero,
275 4225 310 4282 nt
330 4218 396 4297 ipse
418 4238 522 4280 secure
543 4218 630 4280 vivet
652 4237 719 4278 oum
741 4215 844 4276 smioie
866 4215 936 4290 suis,
964 4215 1079 4276 inimici
1102 4232 1173 4275 vero
1195 4213 1258 4275 soil.
1282 4212 1355 4272 Ore·

170 4327 233 4386 stes
262 4327 293 4385 et
319 4323 438 4384 llleotrs
467 4326 608 4399 pereant,
636 4323 776 4399 precetur
805 4319 855 4398 (ol.
885 4337 915 4384 v.
939 4321 1000 4380 647
1034 4316 1100 4398 sq).
1153 4318 1218 4377 lem
1248 4316 1353 4378 nuntio
