3238 4956
678 325 891 401 ..21-

192 506 226 567 in
243 507 413 567 memoriam
428 513 596 569 revocatam
619 528 682 569 ease
705 513 791 571 modo
807 511 952 586 vidimus3
974 511 1006 571 in
1024 533 1082 591 qua
1098 513 1293 590 Clytemestra
1309 517 1376 591 post

195 612 316 673 caedem
340 611 572 686 Agamemnonis
601 633 699 673 coram
722 615 813 674 choro
843 634 873 672 se
901 614 994 676 iactat
1016 635 1129 675 summo
1158 615 1224 675 iure
1253 637 1284 675 se
1307 636 1376 676 oon-

190 713 292 787 iugem
315 713 502 773 interfecisse
524 721 614 793 atque
630 715 689 774 iam
714 717 825 775 dudum
847 718 925 775 hanc
950 719 1068 776 caedem
1091 738 1122 776 se
1145 718 1224 793 apud
1246 719 1374 776 animum

191 815 384 874 constituisse
400 815 470 893 (Ag.
486 837 514 876 v.
529 817 632 892 1376),
655 836 742 877 exeo
759 818 823 879 scil.
839 823 982 895 tempore,
1007 839 1065 897 quo
1082 822 1265 893 Agamemno
1282 819 1375 878 filiam

194 938 278 976 suam
300 918 489 995 iphigeniam
512 919 714 992 sacrificasset,
738 939 825 998 quam
847 921 913 998 ipsa
934 921 1080 980 ulciscens
1102 921 1188 980 illum
1211 921 1376 983 occidisset.

192 1019 276 1082 Quae
295 1040 382 1080 causa
395 1021 627 1095 Agamemnonis
649 1020 803 1083 interfecti
826 1023 1056 1100 aClytmestra
1079 1024 1196 1100 prolata
1218 1022 1376 1081 universae

192 1123 402 1199 compositioni
424 1124 609 1199 Aeschyleae
639 1144 700 1184 non
723 1124 819 1184 solum
841 1125 995 1202 aptissima
1024 1125 1188 1185 sedetiam
1210 1125 1376 1183 necessaria

192 1225 255 1285 init
276 1245 374 1304 neque
397 1227 458 1286 ullo
481 1228 547 1286 loco
569 1227 719 1286 refutatur
740 1225 773 1284 in
796 1227 917 1303 trilogia
947 1229 997 1306 (ne
1020 1228 1109 1304 plane
1131 1225 1274 1286 innocens
1298 1231 1375 1302 Aga-

190 1347 310 1387 memno
325 1327 554 1403 interficeretur,
570 1329 650 1408 quod
666 1332 770 1389 eontra
783 1329 957 1390 universum
974 1328 1129 1389 consilium
1145 1329 1272 1406 fuisset).
1297 1332 1375 1405 Ergo

192 1429 370 1507 Sophocles,
401 1431 428 1490 si
450 1432 569 1492 caedam
591 1430 822 1506 Agamemnonis
852 1432 941 1508 plane
970 1431 1082 1490 iniuste
1110 1432 1217 1490 factam
1248 1431 1375 1510 ideoque

191 1531 404 1610 Clytemestrae
444 1534 562 1593 caedem
604 1533 712 1592 iustam
751 1535 954 1594 demonstrare
989 1534 1102 1607 voluit,
1142 1535 1220 1593 hanc
1259 1554 1375 1593 cansam

191 1635 375 1711 Aeschyleae
397 1636 530 1696 mulieris
552 1638 631 1712 apud
654 1639 837 1712 spectatores
869 1636 942 1696 satie
974 1643 1075 1696 notam
1100 1635 1249 1714 expressis
1276 1636 1375 1696 verbis

189 1736 347 1810 refellere,
378 1738 602 1815 Clytemestram
630 1739 683 1797 illa
705 1759 795 1799 causa
823 1759 855 1800 se
878 1744 1070 1799 excusantem
1093 1737 1214 1818 quidem
1238 1740 1291 1798 aad
1312 1739 1376 1798 ido-

190 1839 258 1898 neis
280 1841 376 1901 causis
398 1842 539 1903 reiectam
561 1843 674 1917 fingere
695 1841 809 1902 debuit.
853 1843 890 1900 Id
908 1842 988 1921 quod
1003 1843 1114 1901 factum
1138 1845 1183 1900 est
1205 1840 1257 1900 illa
1279 1861 1376 1915 scena,

191 1961 252 2020 qua
281 1945 476 2022 Clytemestra
507 1964 605 2004 coram
633 1945 752 2004 Electra
781 1945 931 2024 choroque
961 1964 993 2004 se
1021 1963 1147 2020 purgare
1178 1945 1294 2017 studet,
1325 1944 1377 2002 sed

190 2044 234 2103 ita
255 2045 417 2118 refutatur,
447 2051 481 2105 ut
501 2046 561 2105 iam
582 2045 660 2105 nihil
683 2046 886 2107 contradicere
908 2047 1012 2124 possit.
1066 2046 1148 2104 Haec
1176 2064 1264 2104 scena
1284 2045 1377 2121 igitur

190 2166 230 2205 ex
253 2147 393 2208 universo
416 2148 559 2208 dramatis
581 2146 705 2208 consilio
727 2149 897 2208 neccssaria
918 2148 984 2223 fuit,
1008 2149 1156 2226 simulque
1180 2148 1259 2225 qnod
1281 2147 1377 2206 consi·

161 2247 261 2308 'lium
282 2250 375 2310 fuerit
396 2251 562 2327 Sophoclis,
585 2253 640 2309 hac
662 2249 728 2326 ipsa
751 2250 924 2311 affirmatur.

189 2345 190 2350 ¹
281 2355 338 2413 Sed
361 2354 409 2412 hic
425 2353 633 2426 subsistamus,
655 2373 728 2432 quas
750 2372 798 2412 res
819 2353 856 2411 ab
872 2354 1023 2430 Aeschylo
1040 2353 1190 2430 acceperit
1204 2352 1375 2428 Sophocles,

193 2455 297 2532 paucis
319 2455 464 2529 vidimue;
493 2456 580 2535 quale
602 2454 760 2515 consilium
781 2454 955 2514 universam
976 2455 1077 2528 fuerit,
1102 2475 1140 2514 ex
1161 2455 1375 2515 mutationibus

192 2557 269 2634 ipsis
291 2578 324 2617 ac
343 2559 467 2631 ratione,
491 2578 549 2636 qua
570 2577 633 2617 ram
655 2556 797 2631 tractarit,
822 2557 922 2618 conati
937 2577 1037 2617 sumus
1060 2558 1221 2634 explicare.

281 2662 344 2719 Iam
360 2661 397 2718 ad
412 2659 568 2736 Euripidis
584 2661 732 2720 Electram
746 2659 834 2720 nohis
848 2661 1063 2721 hanseundnm
1078 2667 1131 2733 est,
1155 2660 1207 2740 qui
1221 2660 1287 2736 ipse
1303 2681 1375 2739 quo-

196 2782 256 2842 que
270 2763 415 2840 Aeschyli
430 2763 621 2839 Choaphoros
636 2763 707 2822 satis
722 2768 859 2824 accurata
881 2769 950 2824 ante
973 2764 1073 2824 oculos
1096 2763 1209 2834 habuit,
1233 2762 1316 2822 cuius
1331 2763 1374 2822 rei

194 2867 221 2926 si
237 2886 331 2942 panca
346 2865 481 2942 exempla
497 2865 624 2925 attulero
641 2867 850 2942 percurrendo,
872 2865 944 2925 satis
959 2867 1083 2927 habebo.
1119 2865 1239 2938 Prologi
1255 2863 1375 2941 Euripi-

195 2969 245 3028 dei
267 2969 359 3027 altera
381 2987 449 3044 pars
464 3001 507 3012 -—
528 2973 562 3027 ut
576 2967 760 3044 Sophocleua
774 3001 816 3011 —›
836 2969 873 3027 ad
893 2987 1038 3027 summam
1054 2967 1213 3044 Aeschylei
1237 2966 1375 3025 similitu·

195 3071 297 3129 dinem
318 3071 456 3130 instituta
478 3076 538 3143 ast;
562 3070 698 3131 Orestem
721 3069 802 3129 enim
817 3071 930 3149 Pylade
952 3069 1113 3130 comitante
1135 3067 1375 3146 progredientem

195 3173 364 3248 aspicimus,
387 3173 543 3232 consilium
566 3191 651 3232 suum
674 3173 874 3249 explicantem
897 3174 1040 3245 audimus,
1068 3192 1126 3251 quo
1149 3173 1228 3232 facto
1250 3170 1375 3230 muliere

194 3276 457 3354 appropinquante
479 3294 510 3334 se
526 3275 643 3351 recipit,
664 3281 698 3335 ut
713 3275 822 3350 audiat,
845 3275 1016 3355 auditisque
1030 3276 1167 3334 Electrae
1182 3273 1282 3334 verbis
1298 3275 1375 3332 hanc

195 3399 346 3451 sororem,
374 3381 496 3439 chorum
518 3378 626 3437 amicae
648 3379 712 3438 eius
734 3399 797 3439 esse
820 3381 920 3440 statim
943 3379 1062 3453 cognito
1092 3398 1108 3436 e
1130 3377 1254 3437 latebris
1276 3378 1377 3452 prodit

195 3481 438 3561 colloquiumque
459 3481 576 3557 incipit.
630 3481 782 3558 Euripidis
806 3502 925 3561 quoque
948 3482 1068 3541 Orestes
1095 3480 1206 3540 cirrum
1227 3479 1259 3536 in
1281 3477 1375 3554 patria

195 3584 312 3644 tumulo
334 3583 522 3657 sacrificavit,
546 3604 605 3664 quo
627 3583 764 3658 invento,
786 3588 821 3644 ut
842 3583 986 3662 Aeschyli
1009 3585 1136 3654 Electra,
1159 3581 1202 3640 sic
1223 3579 1377 3655 Euripidis

195 3688 384 3764 paedagogus
400 3686 535 3745 Orestem
549 3688 652 3746 adesse
667 3687 843 3763 suspicatur.
886 3683 1102 3760 Recognitione
1125 3686 1224 3742 autem
1246 3683 1376 3758 perfecta

194 3791 277 3867 apud
298 3789 472 3866 Euripidem
502 3808 621 3867 quoque
649 3788 739 3848 liberi
768 3788 996 3864 Agamemnonis
1027 3786 1174 3865 quomodo
1204 3785 1278 3845 ultio
1309 3806 1376 3862 per·

196 3893 326 3954 finienda
348 3891 388 3951 sit
409 3893 575 3952 accuratius
597 3891 786 3952 considerant
808 3900 838 3951 et
861 3891 1036 3965 Aegisthum
1058 3887 1208 3964 priorem,
1230 3887 1376 3965 posterio-

194 4015 261 4057 rem
282 3995 508 4073 Clytemestram
530 3997 666 4055 caedunt.

283 4097 366 4155 Haec
388 4097 424 4155 de
447 4096 573 4172 singulis
594 4099 699 4169 rebus;
721 4097 893 4156 universnm
917 4099 1013 4155 autem
1035 4095 1152 4155 fabulae
1171 4096 1376 4167 argumentum

194 4198 339 4281 Aeschyli
361 4198 545 4275 Choaphoris
566 4199 638 4257 eatis
660 4199 757 4258 simile
780 4219 843 4259 esse
863 4196 1010 4274 imprimis
1032 4199 1087 4258 hac
1108 4217 1140 4256 re
1163 4197 1273 4266 elucet,
1297 4196 1376 4280 quod
