3238 4956
769 303 983 386 ..13⁴

286 495 336 558 tur
357 486 502 576 (Choeph.
527 489 618 574 868),
647 495 800 571 caeditur,
828 495 1024 574 Clytemestra
1051 511 1123 555 vero
1153 486 1280 556 clamore
1309 485 1411 556 audito
1431 484 1465 556 in

222 662 226 668 ,
287 618 404 659 scenam
426 616 580 675 progressa
601 604 669 675 post
689 598 761 658 satis
782 598 904 674 longum
926 599 1045 658 demum
1067 597 1247 676 colloquium
1262 618 1378 678 —quo
1399 619 1466 676 pre·

288 701 372 761 cibus
403 721 437 761 ec
457 701 547 762 minis
580 706 611 761 et
632 700 789 760 Furiarum
810 699 1069 776 implorationibus
1092 701 1204 773 filium,
1234 705 1268 760 ut
1297 703 1386 761 caede
1414 703 1466 762 de·

288 803 381 878 sistat,
405 823 526 864 movere
548 807 673 864 conatur
694 835 736 846 —
757 801 839 861 iussa
859 801 893 861 in
915 804 1003 863 aedes
1023 803 1135 877 intrat,
1164 809 1199 863 ut
1219 821 1330 892 poenas
1352 806 1464 864 subeat

286 906 377 985 Apud
398 905 573 984 Sophoclem
595 925 668 966 vero
684 904 806 966 Orestes
826 904 858 963 in
880 906 1000 965 domum
1020 906 1173 980 ingressus
1194 924 1324 966 eororam
1348 904 1467 981 emittit,
1591 917 1592 949 ³

287 1013 322 1066 nt
352 1008 530 1084 Aegisthum
560 1012 701 1070 observet
730 1008 833 1086 (Soph.
859 1009 970 1086 1402);
999 1009 1058 1067 iam
1090 1006 1316 1068 clamationibns
1347 1008 1465 1081 auditis,

287 1111 439 1172 nonnullis
461 1114 498 1171 ab
514 1111 631 1170 Electra
644 1109 754 1184 verbis,
770 1129 808 1171 ne
822 1110 916 1171 irater
930 1111 1136 1184 labefactetur,
1148 1109 1324 1183 interiectis,
1347 1110 1466 1171 Orestes

287 1213 367 1273 redit
389 1233 423 1273 ac
445 1212 588 1277 brevibus
609 1212 711 1272 verbis
740 1214 782 1292 (v.
807 1213 902 1290 1424)
931 1205 985 1272 cciv
1007 1207 1129 1288 δόμοισι
1150 1207 1203 1288 μὲν
1224 1212 1322 1282 καλοῖς
1343 1217 1465 1272 matrem

287 1335 401 1376 caesam
424 1335 488 1375 esse
506 1314 663 1391 significat,
687 1310 787 1391 μηκέτ’
811 1312 947 1392 ἐκφοβοῦ
969 1316 1107 1398 μητρῷον
1129 1319 1186 1376 etc.
1209 1333 1338 1375 sororem
1360 1315 1466 1374 libera·

286 1422 347 1478 tam
370 1436 435 1478 esse
456 1417 511 1477 vix
532 1419 756 1495 pronuntiarit,
789 1439 856 1479 curn
878 1418 1057 1494 Aegisthum
1078 1417 1286 1477 advenientem
1318 1416 1466 1493 aspiciunt

287 1519 410 1600 eiusque
446 1521 565 1582 caedem
595 1541 772 1599 praeparare
802 1521 897 1582 coacti
929 1526 1007 1585 sunt
1069 1519 1208 1580 Partibus
1236 1518 1330 1593 igitur
1363 1516 1465 1578 divisis

285 1623 365 1683 hunc
385 1622 485 1683 virum
508 1628 691 1701 exspectant,
714 1624 775 1704 qui,
798 1625 915 1704 qualem
930 1624 990 1683 iam
1012 1644 1029 1684 e
1047 1622 1148 1682 verbis
1162 1621 1308 1700 imprimis
1330 1623 1367 1681 ab
1381 1621 1466 1681 Eleo·

285 1730 333 1785 tra
355 1727 392 1785 de
412 1725 466 1785 illo
489 1725 666 1802 praedicatis
688 1726 887 1802 cognovimus,
910 1727 998 1787 talem
1020 1731 1089 1786 ante
1104 1725 1203 1784 oculos
1219 1742 1336 1804 quoquc
1351 1730 1466 1784 nostroe

286 1847 317 1887 se
339 1830 479 1905 praebet:
503 1829 660 1907 Electram,
689 1850 776 1908 quam
798 1849 983 1909 summopere
1005 1829 1156 1905 lugentem
1179 1832 1273 1905 putat,
1295 1826 1467 1886 ludificatur

285 1929 327 2008 (r.
355 1930 467 2009 1446),
497 1935 598 2010 portas
625 1932 764 2008 patefieri
795 1953 861 1994 cnm
884 1931 1024 2010 superbia
1044 1931 1130 1991 iubet
1159 1931 1201 2007 (v.
1228 1929 1331 2008 1458),
1361 1934 1396 1988 ut
1423 1963 1466 1972 —

284 2033 394 2093 herede
415 2033 550 2109 legitimo
572 2040 688 2095 mortno
711 2069 753 2079 -
775 2055 854 2095 nnuc
877 2055 908 2094 se
929 2035 1025 2094 solum
1047 2039 1204 2095 atrorum
1220 2037 1379 2112 mannum
1401 2051 1466 2090 esse

285 2139 466 2210 cognoscant
487 2136 583 2209 cives3
613 2139 665 2197 sed
688 2158 747 2218 quo
777 2137 811 2196 in
832 2136 965 2215 periculo
996 2136 1036 2196 eit
1057 2135 1176 2212 cognito
1198 2140 1324 2196 mortem
1345 2133 1468 2194 differre

285 2238 396 2298 frustra
418 2243 541 2298 conatus
570 2238 604 2298 iu
626 2242 713 2300 aedes
744 2239 830 2319 sequi
857 2240 995 2313 iubetur,
1025 2244 1061 2299 nt
1089 2240 1192 2299 eodem
1222 2238 1287 2298 loco
1319 2237 1468 2308 caedatur,

286 2359 345 2418 quo
373 2339 439 2417 ipse
466 2343 718 2417 Agamemnonem
750 2343 898 2421 qnondam
927 2341 1114 2402 interfecerit
1143 2339 1192 2416 (of.
1224 2360 1254 2400 v.
1278 2344 1359 2399 1495
1391 2337 1467 2417 sq.);

285 2442 405 2522 iamque
427 2443 497 2502 dum
511 2442 560 2502 illi
574 2443 635 2504 viri
650 2445 736 2504 aedes
750 2446 874 2520 intrant,
896 2447 1003 2506 chorus
1019 2448 1139 2504 cantat:
1162 2429 1187 2501 oi
1209 2438 1313 2520 σπέρμ’
1334 2437 1468 2518 Ἀτρέως,

288 2535 329 2614 ὥς
364 2537 457 2603 πολλοὶ
490 2537 595 2604 παθὸν
626 2544 665 2604 ds'
696 2543 865 2626 ἐλευθερίας
896 2544 980 2625 μόλις
1009 2543 1131 2623 ἐξῆλθες
1159 2547 1196 2629 τῇ
1226 2545 1283 2604 νῦν
1313 2535 1392 2626 ὁρμῇ
1423 2561 1469 2600 τε-

286 2642 409 2706 traete.

254 2815 262 2828 ,
372 2750 534 2827 Sophocles
555 2769 655 2811 nonne
678 2771 791 2814 summa
812 2763 879 2813 oum
901 2751 1059 2829 diligentia
1090 2756 1180 2830 etque
1210 2756 1273 2810 arte
1294 2749 1370 2808 hanc
1393 2767 1470 2827 quo-

287 2872 346 2932 que
369 2871 486 2912 scenam
509 2873 561 2913 suo
578 2852 703 2915 oonsilio
719 2857 952 2916 accommodasse
975 2860 1065 2934 atque
1088 2853 1200 2930 optime
1221 2871 1270 2912 res
1284 2851 1468 2927 Aeschylcas

285 2961 415 3016 mutasse
436 2954 578 3017 videtur?
621 2957 697 3016 Nam
719 2958 849 3034 primum
877 2957 997 3040 quidem
1027 2958 1084 3016 hoc
1114 2976 1153 3016 ex
1183 2953 1309 3016 oonsilio
1332 2953 1469 3014 ordinem

286 3059 420 3119 caedium
450 3059 650 3135 Aeschyleum
681 3079 800 3120 servare
831 3082 892 3122 nou
924 3039 1039 3138 potuit,
1073 3060 1124 3118 sed
1156 3061 1330 3135 pervertere
1352 3053 1465 3115 debuit

286 3161 407 3220 Etenim
448 3160 528 3237 apud
564 3162 745 3238 Aeschylum
783 3163 947 3240 Aegisthus
983 3161 1081 3240 prior,
1128 3160 1235 3220 deinde
1272 3159 1470 3238 Clytemestra

284 3261 508 3323 interficiuntur
536 3267 639 3323 contra
664 3264 893 3326 verisimilitatis
921 3266 1068 3327 rationem
1090 3263 1168 3338 ideo,
1198 3262 1278 3343 qnod
1299 3259 1469 3336 (ihoephori

287 3384 357 3441 pars
378 3369 448 3425 sunt
469 3365 622 3441 trilogiae,
650 3368 754 3427 caedes
775 3367 879 3428 matris
901 3369 939 3428 ad
960 3372 1134 3448 sequentem
1156 3363 1354 3426 Eumenidum
1376 3361 1469 3422 actio·

287 3487 355 3528 nem
376 3470 532 3528 traducere
554 3487 649 3547 eaque
679 3469 825 3529 decanea
853 3490 965 3532 summo
994 3471 1061 3530 iure
1091 3469 1125 3528 iu
1156 3469 1216 3528 fine
1246 3466 1365 3527 fabulae
1394 3464 1469 3542 poni

286 3572 422 3643 debebat,
445 3574 513 3648 post
534 3571 673 3646 Aegisthi
694 3577 835 3647 mortem,
867 3595 943 3654 quae
965 3573 1043 3633 iuste
1073 3573 1152 3631 facte
1183 3588 1279 3650 neque
1312 3572 1382 3646 apta
1412 3571 1467 3640 est,

287 3661 336 3732 cui
358 3673 472 3734 Orestis
493 3693 604 3751 poenas
626 3674 781 3734 subeuntis
809 3677 910 3735 fabula
937 3679 1121 3735 annectatur.
1171 3672 1348 3751 Sophoclem
1369 3676 1470 3731 autem

287 3792 387 3834 nonne
417 3775 548 3838 lucidum
577 3781 623 3838 est
651 3775 719 3837 ideo
748 3777 882 3838 caedium
912 3777 1046 3838 ordinem
1077 3776 1273 3855 pervertisse,
1305 3776 1385 3855 quod
1414 3774 1471 3834 illa

286 3875 365 3937 ratio
392 3897 448 3954 per
468 3898 500 3938 se
530 3899 594 3939 nou
615 3878 788 3940 verisimilis
817 3899 878 3940 non
906 3883 994 3942 modo
1021 3901 1081 3940 non
1109 3879 1276 3940 necessaria
1307 3877 1367 3938 fuit
1399 3895 1471 3937 suae

288 3978 509 4056 compositioni,
531 3982 582 4042 sed
606 3981 696 4041 etiam
718 3980 887 4042 contraria?
930 3985 1006 4042 Nam
1028 3984 1132 4043 caedes
1155 3981 1259 4042 matris
1280 3980 1314 4040 in
1336 3979 1395 4039 fine
1416 3999 1472 4056 po-

288 4082 347 4142 sita
369 4083 505 4162 quamvis
526 4081 656 4144 iniustae
670 4089 853 4161 spectatores
874 4085 962 4146 valde
977 4085 1131 4161 exagitare
1147 4085 1260 4161 debuit,
1283 4102 1349 4144 oum
1365 4083 1472 4142 caedes

287 4183 428 4262 Aegisthi
449 4184 511 4246 viri
533 4185 744 4261 scelestissimi,
768 4187 897 4249 adulteri
918 4189 953 4248 in
975 4188 1034 4249 fine
1056 4187 1162 4264 posita,
1186 4188 1299 4248 animos
1322 4189 1474 4264 spectato·
