3238 4956
611 340 823 415 ..47-

129 538 179 581 cur
202 517 341 580 venerint
363 521 499 585 feminae.
543 525 619 582 Nam
642 545 673 584 se
695 524 813 583 venisse
834 523 952 600 puellae
974 521 1088 597 dicunt,
1107 526 1142 582 ut
1159 516 1304 584 Electram

128 626 163 682 ad
196 623 272 682 diem
310 625 417 682 festum
449 625 570 701 publice
608 648 625 684 a
653 625 828 702 virginibus
860 626 1067 685 celebrandurn
1103 631 1304 698 accerserent3

127 731 208 785 reete
237 726 331 800 igitur
355 726 552 786 Wilamowitc
582 730 623 807 (p.
648 735 726 787 230:
756 731 827 801 „das
857 727 1032 786 delihateste
1063 727 1236 787 Verh‘a‘ltnis
1266 729 1305 786 ist

127 828 352 904 offeuhundig“)
393 830 543 888 concludit
572 832 719 890 Electram
757 833 854 890 adhuc
884 829 1021 907 quamvis
1051 836 1174 904 nuptam
1204 834 1304 890 tamen

23 928 50 978 ‘¹0'
126 930 274 1004 virginem
309 949 372 990 esse
402 931 480 990 inter
512 953 615 992 omncs
645 938 794 1006 constare;
833 937 922 1010 atque
952 932 977 990 si
1010 933 1088 990 hanc
1120 933 1157 990 ob
1187 952 1303 992 oausam

127 1033 248 1090 omnino
270 1033 396 1091 veniunt
417 1034 550 1110 puellae,
586 1035 721 1094 Electrae
742 1036 886 1094 interesse
909 1055 966 1092 non
991 1040 1090 1110 potest
1111 1053 1174 1092 rem
1197 1033 1303 1104 celori;

127 1143 157 1193 et
178 1134 357 1208 Aegisthum
381 1136 674 1214 Clytemestramque,
697 1136 751 1216 qui
771 1155 825 1211 per
847 1141 924 1194 totos
944 1136 1027 1207 fines,
1049 1141 1084 1195 ut
1105 1156 1136 1195 se
1160 1142 1303 1208 tutantur,

20 1293 21 1308 ,
126 1238 329 1312 exploratores
351 1238 482 1311 mittunt,
515 1273 555 1282 —-
578 1259 594 1296 a
617 1239 726 1317 quibus
749 1238 868 1296 Orestes
889 1237 953 1313 ipse
976 1238 1083 1296 metuit
1104 1258 1141 1296 ne
1163 1258 1304 1313 recogno-

20 1369 21 1372 =
124 1348 226 1398 eostur
246 1374 296 1412 -,
319 1341 376 1398 hac
396 1342 433 1398 de
456 1361 487 1398 re
510 1341 651 1400 certiores
674 1361 734 1400 non
757 1343 849 1399 laotos
873 1359 938 1399 esse
961 1359 1021 1398 nou
1046 1336 1225 1400 credendum
1248 1346 1303 1400 est.

123 1446 266 1502 Attamen
289 1461 337 1500 res
359 1442 402 1500 ita
424 1464 456 1501 se
478 1445 584 1502 habet:
616 1445 649 1502 id
673 1445 750 1522 quod
772 1443 873 1504 verbis
903 1463 931 1504 v.
955 1443 1013 1501 271
1048 1443 1114 1524 σιγῇ
1137 1441 1223 1500 τοῦθ’
1246 1435 1303 1515 ricp-
1381 1477 1382 1480 =

20 1587 21 1596 ,
124 1537 317 1621 αιρούμεσθοί
339 1566 384 1602 νιν
419 1546 534 1604 Electra
556 1545 621 1621 ipsa
644 1547 794 1604 affirmans
816 1547 1018 1620 paedagogum
1040 1551 1144 1620 postea
1166 1547 1303 1604 adhorta·

123 1653 174 1704 tur
197 1645 294 1723 (652),
318 1651 351 1705 ut
375 1647 461 1706 matri
484 1668 515 1706 se
537 1648 689 1724 peperisse
712 1647 847 1717 nuntiet,
874 1667 907 1705 ao
929 1667 961 1704 re
984 1667 1056 1705 vera
1085 1647 1190 1706 nuntio
1213 1648 1302 1707 allato

122 1748 323 1823 Clytemestra
345 1751 468 1825 decepta
489 1750 591 1809 statim
614 1749 789 1820 advehitur3
820 1769 890 1824 ergo
918 1750 998 1807 fumo
1026 1748 1078 1808 illa
1100 1768 1159 1807 nou
1182 1749 1303 1824 vulgata

20 1855 22 1908 ἰ
122 1860 185 1921 est,
216 1851 351 1909 homines
380 1851 529 1926 virginem
567 1872 630 1910 esse
661 1852 806 1910 Electram
835 1851 971 1930 quamvis
1001 1857 1126 1926 nuptam
1157 1851 1302 1910 nesciunt.

20 1963 21 1968 ’
122 1953 247 2011 Causam
268 1951 369 2027 igitur,
392 1973 446 2012 our
466 1954 624 2026 venerint,
647 1956 814 2029 puellarum
836 1974 896 2012 non
918 1955 1004 2011 modo
1028 1972 1087 2011 non
1110 1954 1216 2010 bonam
1239 1973 1302 2012 esse

120 2054 218 2126 vides,
241 2057 293 2113 ssd
317 2055 407 2114 etiam
429 2056 586 2115 universae
609 2056 820 2133 compositioni
843 2054 1030 2116 contrariam.

207 2156 382 2232 Euripidem
405 2157 515 2232 igitur,
547 2167 580 2218 ut
602 2159 731 2237 aliquam
760 2179 878 2218 oausam
910 2157 1028 2216 disertis
1051 2157 1152 2216 verbis
1174 2156 1303 2228 afferret,

121 2259 201 2319 hano
230 2259 381 2318 iuvenisse
412 2263 644 2332 concedendurn,
678 2260 835 2320 Ribbeokii
865 2280 937 2321 roro
967 2259 1111 2318 iudicium
1142 2260 1178 2317 de
1211 2260 1300 2316 choro

120 2357 272 2435 prolatum
305 2362 336 2438 (l.
361 2362 378 2420 l.
407 2383 436 2438 p.
462 2368 540 2422 3851:
574 2385 625 2435 „so
655 2364 696 2423 ist
727 2363 773 2420 bei
798 2363 957 2438 Euripides
987 2364 1039 2420 das
1061 2362 1219 2419 Aultretcn
1251 2361 1302 2416 des

20 2473 22 2500 ³
119 2464 215 2522 Ohors
230 2463 442 2541 mykenischer
455 2465 639 2538 Jungfrauen
659 2465 882 2524 unzweifelhaft
897 2468 997 2522 besser
1012 2462 1198 2540 motiviert“)
1213 2463 1302 2538 plane

20 2561 21 2576 i
118 2565 228 2625 falsum
261 2585 295 2624 cc
326 2586 497 2642 perversum
529 2570 763 2628 demonstratum
791 2567 865 2624 mihi
896 2568 1015 2626 videtur
1045 2586 1117 2628 esse.
1172 2566 1217 2624 Dc
1239 2569 1301 2622 toto

20 2679 21 2708 ³
116 2674 217 2726 autem
247 2668 337 2726 huius
368 2670 462 2745 partis
499 2669 730 2745 compositione,
772 2691 824 2728 our
854 2671 1016 2746 Euripides
1046 2669 1164 2726 Electra
1192 2671 1301 2737 cantet,

116 2772 226 2828 chorus
248 2771 390 2846 prodeat,
423 2791 475 2830 cur
497 2772 616 2830 omniuo
638 2774 674 2829 ab
698 2774 846 2848 Aeschylo
870 2771 1038 2830 discesserit
1060 2769 1236 2846 Euripides,
1268 2768 1300 2826 in

20 2889 21 2904 ¹
116 2871 235 2932 actione
276 2891 490 2952 coenarumque
530 2893 667 2933 connexu
707 2892 766 2931 non
803 2875 991 2946 invenimus;
1032 2882 1121 2951 atque
1159 2871 1299 2930 facillime

20 2961 21 3026 ξ
115 2974 311 3051 Aeschylum,
336 2980 371 3033 ut
391 2976 423 3032 iu
446 2976 552 3035 ceteris
574 2975 701 3050 singulis
724 2979 811 3034 rebus
834 2975 942 3053 prioris
965 2975 1068 3050 partis,
1091 2973 1177 3051 sequi
1192 2972 1299 3048 potuit,
1400 2984 1405 2993 ‘

114 3077 159 3135 ita
182 3084 217 3135 ut
238 3077 367 3153 primum
391 3078 508 3154 quidem
533 3078 668 3136 Orestem
691 3082 722 3136 et
738 3079 888 3155 Pyladem,
910 3079 1017 3135 deinde
1040 3077 1163 3154 chorum
1185 3075 1299 3150 puella-

20 3222 27 3248 ,
113 3198 183 3238 rum
205 3177 377 3253 induceret,
406 3180 554 3239 Electram
588 3187 621 3238 ut
642 3180 769 3240 visitent
789 3180 839 3240 vel
861 3180 952 3239 simili
974 3181 1010 3238 de
1034 3197 1120 3238 cansa
1150 3176 1299 3252 generali3

114 3299 193 3360 quae
221 3281 248 3339 si
271 3287 339 3340 ante
369 3282 457 3340 aedes
480 3282 670 3341 advenissent
701 3302 735 3342 ao
764 3289 882 3341 cantare
914 3281 1097 3357 coepissent,
1126 3285 1160 3339 ut
1183 3281 1300 3338 Electra

20 3401 21 3464 j
113 3387 168 3441 aut
189 3403 206 3442 o
228 3384 316 3442 domo
338 3383 442 3442 exiens
473 3390 524 3443 aut
554 3386 589 3442 ab
622 3405 698 3463 aqua
729 3384 849 3443 rediens
872 3386 1080 3460 responderet,
1110 3401 1163 3440 sua
1195 3388 1300 3457 sponte

20 3475 21 3480 ἵ
112 3490 295 3546 eventurum
317 3485 409 3545 fuisse
431 3487 497 3546 luce
520 3486 628 3545 clarius
651 3495 703 3545 est.

201 3589 377 3664 Sophoclem
400 3587 494 3662 igitur
526 3601 557 3647 et
580 3589 752 3664 Euripidem
774 3596 978 3666 comparantes
1000 3590 1123 3647 eandem
1145 3605 1299 3646 scenarum

111 3689 363 3767 compositionem
394 3691 552 3760 habemus;
590 3692 641 3748 sed
680 3710 744 3749 curn
782 3694 860 3768 apud
898 3693 984 3751 illum
1016 3695 1115 3749 certae
1144 3690 1299 3765 bonaeque

109 3812 217 3852 causae
239 3793 271 3851 in
294 3793 411 3854 actione
435 3799 465 3851 at
487 3791 701 3868 compositione
723 3793 865 3854 universa
896 3795 979 3865 sitae,
1010 3811 1062 3851 cur
1085 3793 1123 3849 ab
1150 3791 1300 3868 Aeschylo

108 3897 266 3954 discedens
288 3897 366 3954 hanc
388 3914 542 3955 scenarum
558 3894 799 3980 compositionem
814 3894 988 3968 instituerit,
1012 3899 1141 3966 exstent,
1164 3891 1198 3951 in
1213 3892 1300 3950 Euri·

107 3997 191 4074 pidis
225 3997 326 4056 fabula
356 3998 452 4056 nullas
483 3997 533 4055 vel
563 3996 770 4071 compositioni
802 3996 965 4054 contrarias
997 3994 1176 4055 invenimus.
1220 3995 1299 4068 Ergo

106 4080 203 4159 derha
225 4098 449 4158 Wilamowitzii
481 4099 581 4172 ,‚dals,
609 4117 669 4157 was
691 4098 739 4156 bei
763 4099 935 4174 Sophokleo
958 4116 1033 4172 ganz
1056 4097 1216 4156 tusserlich
1240 4097 1300 4154 und

104 4201 308 4262 unmotiriert
338 4201 392 4273 ist,
424 4201 473 4260 bei
505 4201 663 4277 Euripides
693 4200 725 4258 in
757 4199 955 4260 nattirliohem
984 4201 1046 4260 und
1077 4196 1298 4271 notwendigem

105 4305 367 4393 Zusammeuhang
390 4303 489 4364 steht“
520 4323 585 4363 mea
608 4303 726 4383 quidem
750 4301 899 4363 sentcntiae
922 4303 984 4362 fere
1008 4307 1088 4362 recta
1110 4303 1212 4374 eruut,
1246 4297 1298 4358 ubi
