3238 4956
682 281 936 364 *tl-1

197 465 350 545 exstantis,
374 489 450 550 quae
473 471 551 550 apud
574 471 753 549 Aeschylum
776 492 835 532 non
857 473 1026 544 invenitur,
1050 465 1284 552 comparatione,
1307 487 1375 534 oon-

196 574 367 642 certationis
391 575 604 653 Clytemestrae
627 580 657 635 et
679 577 833 648 Electrae,
863 595 950 654 quam
973 596 1089 635 scenam
1111 577 1212 652 magni
1234 578 1376 638 momenti

196 695 260 734 esse
282 676 333 733 alii
356 695 475 754 quoque
497 675 558 737 viri
580 681 774 753 putaverunt;
808 677 860 736 red
891 697 949 736 non
981 677 1052 736 satis
1082 683 1193 739 certam
1222 697 1375 756 argumen-

196 778 280 837 tandi
302 779 446 837 rationem
470 779 563 838 secuti
594 781 631 837 ad
654 780 786 839 diversas
808 779 972 839 sententias
995 779 1210 856 discesserunt3
1241 782 1377 842 Ribbeck

197 883 229 959 (l.
253 883 272 941 l.
296 901 325 957 p.
351 881 425 956 385)
457 882 631 958 Euripidem
660 883 816 958 Sophoclis
845 903 960 941 scenam
993 884 1205 961 quodammodo
1237 885 1376 960 supplere

196 983 354 1058 significat,
376 1004 474 1064 neque
496 989 595 1044 tamen
619 985 757 1063 explieat,
779 985 837 1044 nisi
861 987 939 1064 quod
962 985 993 1043 in
1010 985 1163 1062 Euripidis
1185 987 1285 1046 fabula
1306 989 1377 1047 Oas-

197 1085 321 1145 sandrae
343 1093 565 1162 argumentum,
595 1108 661 1147 cum
691 1088 874 1164 aSophocle
897 1089 1035 1148 omissum
1059 1089 1116 1163 sit,
1147 1089 1246 1163 urgeri
1275 1092 1377 1149 monet

196 1192 286 1267 atque
309 1190 475 1249 sententiae
498 1190 649 1249 cniusdam
671 1194 797 1268 utraque
819 1190 851 1250 in
874 1191 975 1250 fabula
989 1191 1127 1251 similiter
1141 1192 1273 1270 prolatae
1295 1191 1375 1251 simi·

195 1291 354 1361 litudinem
377 1293 475 1366 addit3
500 1312 589 1371 quare
611 1294 723 1352 factum
745 1298 800 1367 est,
822 1299 857 1352 nt
876 1296 982 1352 harum
1005 1293 1254 1370 comparationem
1276 1315 1375 1354 scena·

196 1414 262 1454 rum
285 1396 388 1453 Bruhn
410 1394 572 1454 Ribbeclii
599 1401 774 1470 argumenta
803 1415 982 1471 percenseas
1010 1417 1047 1456 ne
1078 1403 1287 1457 commemoret
1310 1397 1375 1476 qui-

197 1499 273 1556 dem.
316 1497 417 1555 Flesse
439 1517 511 1558 vero
533 1497 746 1558 similitudines
768 1501 927 1558 verborum
959 1519 1136 1558 enumerans
1167 1498 1292 1574 singulis
1315 1499 1375 1559 Eu-

196 1598 302 1673 ripidis
331 1599 467 1660 versibus
499 1599 674 1676 Sophoclem
704 1620 822 1680 quoque
850 1600 961 1676 respici
990 1620 1092 1677 posse,
1132 1601 1180 1659 vel
1209 1603 1376 1678 oppugnari

197 1721 282 1776 posse
298 1707 391 1777 putat,
414 1703 499 1762 velut
512 1723 540 1778 p.
560 1673 636 1762 Ι10οε
660 1701 736 1776 „Die
759 1703 791 1761 in
806 1702 908 1761 diesen
931 1702 988 1761 wie
1010 1703 1042 1761 in
1066 1704 1122 1761 den
1138 1703 1375 1778 nachfolgenden

197 1803 321 1864 Worteu
343 1803 481 1880 liegende
504 1805 640 1865 Polemilr
669 1807 750 1864 hann
782 1805 825 1864 als
847 1825 941 1881 gegen
964 1806 1131 1884 Sophokles
1154 1805 1302 1880 gerichtet
1323 1808 1373 1866 be-

195 1909 324 1967 trachtet
345 1909 500 1979 werden“;
532 1908 617 1968 vides
647 1909 718 1968 satis
750 1909 893 1968 incertam
924 1911 1000 1968 hano
1031 1908 1175 1968 rationem
1207 1928 1285 1979 esse;
1317 1929 1376 1988 qua

195 2009 328 2068 adhibita
357 2030 417 2069 non
446 2011 524 2072 ultra
545 2010 793 2072 verisimilitatem
818 2012 967 2090 quendam
989 2009 1196 2086 pervenimus,
1226 2010 1316 2071 immo
1339 2012 1375 2069 ad
1448 1996 1450 2001 ¹

195 2113 371 2170 contrariam
391 2133 509 2191 quoque
532 2113 709 2173 sententiam
732 2114 854 2190 perduci
876 2133 1032 2190 possumus
1055 2115 1089 2171 ut
1109 2111 1320 2176 Wilamowita.

282 2213 341 2276 Qui
365 2214 411 2274 vir
433 2236 563 2275 summus
584 2215 692 2276 iisdem
723 2216 755 2274 in
778 2216 874 2276 scenis
897 2215 1101 2292 comparandis
1122 2213 1266 2273 rationem
1290 2234 1376 2290 argu-

195 2317 347 2375 mentandi
370 2337 451 2376 suam
473 2319 510 2376 de
533 2319 629 2379 scenis
651 2319 769 2396 prologi
791 2323 822 2377 et
844 2317 984 2378 carminis
998 2317 1134 2375 Electrae
1156 2316 1297 2396 chorique
1319 2322 1375 2378 eto.

195 2419 357 2479 adhibitam
379 2419 422 2480 ita
443 2421 583 2497 deseruit,
605 2428 640 2481 ut
662 2441 721 2482 non
738 2425 904 2500 quaereret,
926 2422 1004 2496 apud
1027 2424 1126 2479 utrum
1148 2423 1265 2495 poetam
1288 2415 1375 2478 scena

195 2522 301 2580 melius
323 2525 488 2602 quadraret,
512 2523 629 2583 facilius
652 2545 689 2584 ex
709 2544 847 2584 connexu
870 2526 900 2581 et
915 2521 1130 2598 compositione
1153 2523 1300 2595 evaderet,
1323 2520 1376 2579 sed

195 2644 283 2682 unam
313 2625 405 2683 solem
435 2645 514 2699 rem,
544 2647 636 2688 unum
665 2627 727 2686 fere
758 2645 878 2686 versum
900 2629 1052 2700 tangeret,
1082 2644 1141 2702 quo
1164 2622 1377 2700 Euripidema

195 2726 340 2801 Sophocle
361 2727 531 2804 impugnari
553 2732 693 2805 putabat3
723 2729 824 2789 verbis
847 2726 1002 2803 Sophoclis
1025 2727 1103 2786 enim
1135 2725 1177 2803 (v.
1202 2726 1275 2802 576)
1308 2719 1374 2801 οὐχὶ

194 2824 334 2886 Μενέλεω
356 2821 440 2907 χάριν
463 2831 636 2907 Euripidem
659 2831 699 2909 (v.
725 2833 820 2907 1029)
850 2827 1032 2906 aSophocle
1063 2828 1173 2905 respici
1204 2848 1375 2907 persuasum

193 2932 285 2989 habet
307 2930 339 3008 (l.
361 2932 380 2994 l.
404 2953 433 3008 p.
458 2933 551 3012 223);
582 2932 615 2991 id
637 2933 716 3010 qnod
738 2933 789 2993 ubi
813 2932 987 3008 Sophoclem
1011 2933 1204 3006 posteriorem
1227 2949 1291 2989 esse
1313 2950 1375 2990 cer-

193 3041 258 3094 tum
282 3039 373 3109 esset,
404 3034 469 3094 sine
492 3033 727 3094 dubitationibus
750 3034 949 3095 concederem.
1001 3033 1059 3090 Sed
1079 3033 1136 3090 hac
1156 3031 1223 3107 ipsa
1243 3052 1276 3091 re
1298 3031 1375 3091 nihil
1457 3021 1459 3024 ⁵

193 3137 307 3209 elucet,
330 3143 419 3215 atque
441 3141 521 3196 recte
543 3137 646 3195 Bruhn
670 3146 771 3196 contra
794 3135 1056 3199 Wilamowitzium
1079 3139 1192 3213 pugnat
1219 3136 1263 3211 (p.
1287 3136 1370 3214 321).

279 3241 381 3317 Atque
413 3257 487 3316 quac
517 3239 576 3298 alia
597 3238 797 3298 Wilamowita
826 3236 954 3316 protulit
982 3241 1018 3298 de
1047 3240 1103 3297 hac
1131 3257 1236 3311 scene,
1268 3237 1372 3295 Bruhn

191 3341 273 3401 idem
294 3342 355 3400 iam
378 3349 457 3401 reete
478 3341 640 3416 refutavit,
668 3342 752 3401 cuius
774 3344 865 3402 verba
886 3344 951 3418 ipsa
974 3341 1110 3400 afferam:
1141 3339 1272 3414 „nullam
1284 3385 1291 3413 ,
1322 3358 1375 3398 eur

194 3449 447 3518 Agamemnonem
468 3444 638 3518 necaverit,
661 3464 679 3503 a
701 3445 897 3524 Clytemestra
925 3463 1041 3504 causam
1067 3441 1170 3503 afferri
1193 3443 1266 3502 dicit
1296 3441 1372 3520 (scil.

192 3545 407 3624 Wilamowitz)
431 3545 491 3604 nisi
513 3548 592 3626 quod
614 3547 773 3624 Iphigenia
794 3568 847 3624 pro
871 3547 990 3607 Graecis
1013 3549 1043 3604 et
1063 3545 1201 3605 Menelao
1223 3542 1373 3602 immolata

191 3648 253 3722 sit;
276 3648 349 3706 mire
371 3648 455 3707 illem
477 3651 575 3709 tacere
597 3651 634 3710 de
657 3650 833 3724 Cassandra;
865 3650 939 3708 mihi
961 3651 1018 3708 hoc
1040 3646 1147 3705 mirum
1169 3665 1232 3706 non
1254 3644 1374 3704 videtur

192 3770 275 3823 esse;
305 3771 411 3826 nempe
434 3752 596 3828 Sophocles
626 3751 652 3810 si
674 3751 796 3812 vincere
826 3752 858 3812 in
879 3752 932 3811 illo
953 3749 1052 3825 iurgio
1075 3749 1195 3807 volebat
1216 3747 1373 3821 Electram,

190 3866 254 3912 non
276 3857 394 3929 poterat
416 3854 475 3914 alia
497 3856 699 3932 proferentem
721 3855 818 3927 facere
841 3855 1083 3931 Clytemestram,
1113 3849 1171 3909 uisi
1195 3869 1270 3929 quae
1293 3855 1373 3909 certo

190 3961 317 4032 possent
338 3957 480 4031 refutari;
503 3962 593 4037 atque
614 3959 670 4016 hoc
692 3957 746 4017 vix
761 3962 880 4033 poterat
900 3955 944 4014 ita
959 3952 1106 4027 redargui,
1129 3957 1162 4012 ut
1184 3952 1264 4012 omni
1287 3952 1374 4029 culpa

190 4063 377 4132 Agamemno
400 4060 605 4120 liberaretur“.
650 4061 732 4118 Haec
755 4059 866 4132 Bruhn,
889 4064 979 4136 atque
1002 4055 1102 4116 nescio
1126 4076 1163 4115 an
1187 4055 1254 4114 addi
1278 4053 1373 4130 possit

189 4167 263 4221 ante
293 4162 444 4240 Euripidis
472 4162 604 4222 fabulam
634 4182 787 4241 nunquam
826 4162 859 4219 ni
889 4160 976 4219 fallor
1013 4159 1206 4218 Cassandram
1237 4146 1301 4216 esse
1338 4159 1374 4214 ut

188 4281 308 4326 causam
329 4263 425 4343 ipsam
448 4264 545 4325 caedis
568 4263 799 4343 Agamemnonis
831 4263 1067 4341 adlytemestra
1088 4262 1235 4340 prolatam
1270 4291 1307 4302 -
1340 4258 1370 4318 in

1118 4362 1168 4430 μ
