3238 4956
790 912 924 986 Index.

268 1171 435 1220 Prooemium.

305 1257 418 1308 Virorum
436 1258 564 1304 doctorum
582 1256 666 1304 variae
679 1256 846 1318 quaestionem
864 1256 985 1304 tractandi
997 1256 1103 1305 rationes
1116 1255 1276 1316 diversaeque

295 1343 440 1400 ⁶sententiae
457 1343 542 1402 paucis
560 1342 742 1406 perlustrantur
806 1371 1275 1388 .......

279 1419 299 1474 l.
335 1427 465 1488 Sophoclis
495 1432 519 1474 et
543 1427 670 1488 Euripidis
695 1427 808 1474 Electrae
835 1441 891 1473 cum
915 1425 1034 1486 Aeschyli
1061 1425 1216 1487 Ghoephoris
1242 1424 1276 1472 ita

246 1517 249 1526 '
336 1517 517 1573 comparantur,
536 1519 576 1572 ut,
598 1526 659 1572 ques
678 1517 780 1573 uterque
799 1526 837 1558 res
855 1512 886 1559 ab
905 1513 952 1558 hoc
971 1511 1093 1572 receperit
1110 1511 1208 1571 quodve
1224 1511 1277 1558 uni·

335 1613 435 1646 versum
453 1599 580 1659 utriusque
598 1598 727 1644 consilium
746 1597 827 1656 fuerit,
847 1597 1029 1644 demonstretur
1046 1611 1175 1657 moresque
1193 1610 1276 1656 perso·

336 1699 423 1732 narum
442 1684 580 1732 accuratius
599 1683 758 1731 conterantur
807 1715 1275 1732 .......

370 1768 395 1831 e)
422 1769 554 1830 Sophoclis
572 1769 672 1816 Electra
729 1801 1198 1819 .......
1225 1767 1229 1775 “
1269 1805 1274 1816 ,

370 1853 397 1918 b)
421 1855 547 1915 Euripidis
565 1855 663 1902 Electra
727 1885 1272 1904 ........

372 1941 397 2000 c)
425 1941 528 1988 Flessae
542 1946 571 1990 et
587 1940 720 1988 Ribbeckii
738 1942 874 1989 sententiae
900 1956 915 1989 a
938 1955 1099 2002 personarum
1116 1940 1227 1989 moribus
1253 1948 1278 1988 et

423 2027 518 2073 ratione
536 2027 664 2087 utriusque
681 2041 734 2073 rem
751 2027 873 2074 tractandi
892 2028 1015 2087 proiectae
1034 2031 1190 2074 recensentur
1267 2060 1274 2072 .

268 2113 299 2158 Il.
335 2113 373 2159 De
392 2111 481 2172 quibus
498 2111 572 2158 rebus
584 2112 734 2159 conveniunt
746 2111 882 2172 Sophocles
901 2116 926 2159 et
938 2112 1078 2172 Euripides,
1098 2112 1227 2159 discedunt
1245 2113 1276 2160 ab

336 2197 468 2258 Aeschylo,
486 2211 544 2244 uum
562 2197 689 2257 utriusque
708 2211 738 2244 ex
756 2199 860 2245 consilio
874 2197 971 2245 fabulae
985 2199 1101 2244 universo
1119 2199 1160 2244 vel
1178 2198 1276 2257 ingenio

335 2297 380 2332 sua
397 2287 486 2344 sponte
502 2288 602 2330 exortae
619 2296 674 2331 esse
691 2283 832 2342 videantur,
851 2285 1005 2331 examinatur
1040 2315 1046 2329 .
1118 2320 1122 2329 .
1194 2319 1199 2328 .
1269 2317 1275 2329 .

370 2365 394 2434 a)
421 2370 452 2416 de
471 2368 552 2416 scenis
571 2367 791 2430 Chrysothemidos
811 2383 826 2416 e
844 2383 929 2418 sorore
955 2375 978 2416 et
995 2369 1133 2431 paedagogi
1150 2369 1277 2430 Euripidei

421 2453 453 2501 ab
471 2454 570 2502 Electra
587 2455 618 2502 de
636 2453 714 2515 signis
732 2454 842 2504 Oresteis
860 2455 972 2502 refutatis
997 2455 1101 2520 (ilarii,
1125 2454 1275 2515 elsperger,

421 2539 536 2588 Teuffolii
554 2541 690 2588 sententiae
701 2537 853 2602 ,reiciuntur)
884 2573 1275 2588 ......
1345 2541 1449 2588 29-35

370 2624 397 2688 b)
425 2625 561 2683 eseconis,
581 2624 670 2686 quibus
687 2625 822 2685 recognitio
840 2626 978 2672 continetur
995 2629 1020 2671 et
1037 2632 1198 2684 praeparatur
1269 2657 1275 2670 .
1345 2625 1449 2672 dli—³8

370 2708 393 2774 c)
420 2711 451 2758 de
463 2711 548 2770 primis
560 2710 698 2757 fabularum
712 2710 833 2770 partibus,
846 2711 955 2770 prologis
965 2709 1067 2771 Orestis,
1080 2710 1191 2757 Electrae
1205 2725 1275 2757 mon-

421 2795 494 2855 odiis,
513 2794 612 2854 parodis
624 2794 776 2842 commaticis
794 2795 989 2858 (Wilamowitaii
1008 2795 1130 2842 sententia
1147 2792 1276 2855 refellitur)
1344 2795 1448 2844 38-48

370 2877 397 2946 d)
418 2881 449 2927 de
467 2878 619 2926 orationibus
636 2879 751 2928 Electrae
768 2879 919 2941 Sophocleae
938 2873 991 2945 (vv.
1005 2879 1151 2942 tos-soc)
1169 2885 1194 2927 et
1205 2880 1275 2927 Euri·

421 2965 510 3024 pideae
527 2964 579 3028 (vv.
588 2963 737 3027 eoo-38⁸)
1343 2967 1427 3014 lh-t*

369 3048 393 3112 e)
420 3050 450 3098 de
467 3049 547 3098 scenis
565 3051 751 3099 concertatoriis
805 3083 1272 3098 .......
1342 3051 1446 3098 ⁵1-or

369 3135 389 3195 f)
419 3135 449 3183 de
467 3134 598 3196 Sophoclis
616 3136 753 3196 paedagogi
771 3141 795 3184 et
812 3135 891 3184 nuntii
908 3135 1036 3196 Euripidei
1055 3135 1236 3184 narrationibus
1266 3169 1271 3182 .
1342 3136 1447 3184 or-os

267 3220 397 3276 Conclusio
422 3252 429 3268 .
499 3253 505 3266 .
574 3253 581 3268 .
646 3253 658 3268 -.
729 3255 755 3283 ,Ι
806 3254 1195 3270 ......
1266 3247 1272 3268 ι
1343 3221 1448 3270 64-65
