<?xml version="1.0" encoding="UTF-8"?>
<!DOCTYPE html PUBLIC "-//W3C//DTD XHTML 1.0 Transitional//EN"
    "http://www.w3.org/TR/xhtml1/DTD/xhtml1-transitional.dtd">
<html xmlns="http://www.w3.org/1999/xhtml" xml:lang="en" lang="en">
 <head>
  <title>
</title>
<meta http-equiv="Content-Type" content="text/html;charset=utf-8" />
  <meta name='ocr-system' content='tesseract 3.04.00' />
  <meta name='ocr-capabilities' content='ocr_page ocr_carea ocr_par ocr_line ocrx_word'/>
</head>
<body>
  <div class='ocr_page' id='page_1' title='image "./sophocliseteuri00woltgoog_0007.png"; bbox 0 0 3238 4956; ppageno 0'>
   <div class='ocr_carea' id='block_1_1' title="bbox 774 294 966 378">
    <p class='ocr_par' dir='ltr' id='par_1_1' title="bbox 774 294 966 378">
     <span class='ocr_line' id='line_1_1' title="bbox 774 294 966 378; baseline 0 -18"><span class='ocrx_word' id='word_1_1' title='bbox 774 294 966 378; x_wconf 41' lang='lat' dir='ltr'><strong>A„</strong></span> 
     </span>
    </p>
   </div>
   <div class='ocr_carea' id='block_1_2' title="bbox 276 475 1494 3839">
    <p class='ocr_par' dir='ltr' id='par_1_2' title="bbox 277 475 1461 868">
     <span class='ocr_line' id='line_1_2' title="bbox 278 475 1461 566; baseline 0.001 -21"><span class='ocrx_word' id='word_1_2' title='bbox 278 498 312 545; x_wconf 88' lang='lat' dir='ltr'><strong>ao</strong></span> <span class='ocrx_word' id='word_1_3' title='bbox 334 475 422 546; x_wconf 74' lang='lat' dir='ltr'><strong>facile</strong></span> <span class='ocrx_word' id='word_1_4' title='bbox 443 483 574 546; x_wconf 88' lang='lat' dir='ltr'><strong>animum</strong></span> <span class='ocrx_word' id='word_1_5' title='bbox 596 487 702 546; x_wconf 88' lang='lat' dir='ltr'><strong>subeat</strong></span> <span class='ocrx_word' id='word_1_6' title='bbox 722 485 888 562; x_wconf 84' lang='lat' dir='ltr'><strong>sententia,</strong></span> <span class='ocrx_word' id='word_1_7' title='bbox 918 507 978 566; x_wconf 90' lang='lat' dir='ltr'><strong>qua</strong></span> <span class='ocrx_word' id='word_1_8' title='bbox 1011 507 1073 547; x_wconf 89' lang='lat' dir='ltr'><strong>rem</strong></span> <span class='ocrx_word' id='word_1_9' title='bbox 1102 490 1162 547; x_wconf 85' lang='lat' dir='ltr'><strong>tam</strong></span> <span class='ocrx_word' id='word_1_10' title='bbox 1184 481 1328 546; x_wconf 77' lang='lat' dir='ltr'><strong>lubricam</strong></span> <span class='ocrx_word' id='word_1_11' title='bbox 1359 479 1461 546; x_wconf 86' lang='lat' dir='ltr'><strong>credes</strong></span> 
     </span>
     <span class='ocr_line' id='line_1_3' title="bbox 279 586 1461 667; baseline 0.003 -21"><span class='ocrx_word' id='word_1_12' title='bbox 279 587 400 649; x_wconf 87' lang='lat' dir='ltr'><strong>omnino</strong></span> <span class='ocrx_word' id='word_1_13' title='bbox 423 607 483 649; x_wconf 93' lang='lat' dir='ltr'><strong>non</strong></span> <span class='ocrx_word' id='word_1_14' title='bbox 506 589 542 646; x_wconf 90' lang='lat' dir='ltr'><strong>ad</strong></span> <span class='ocrx_word' id='word_1_15' title='bbox 564 586 713 667; x_wconf 87' lang='lat' dir='ltr'><strong>liquidum</strong></span> <span class='ocrx_word' id='word_1_16' title='bbox 728 589 851 666; x_wconf 87' lang='lat' dir='ltr'><strong>perduci</strong></span> <span class='ocrx_word' id='word_1_17' title='bbox 865 609 969 666; x_wconf 87' lang='lat' dir='ltr'><strong>posse;</strong></span> <span class='ocrx_word' id='word_1_18' title='bbox 993 590 1045 650; x_wconf 93' lang='lat' dir='ltr'><strong>sed</strong></span> <span class='ocrx_word' id='word_1_19' title='bbox 1066 588 1167 650; x_wconf 90' lang='lat' dir='ltr'><strong>neseio</strong></span> <span class='ocrx_word' id='word_1_20' title='bbox 1190 609 1227 648; x_wconf 90' lang='lat' dir='ltr'><strong>an</strong></span> <span class='ocrx_word' id='word_1_21' title='bbox 1249 588 1349 666; x_wconf 86' lang='lat' dir='ltr'><strong>potius</strong></span> <span class='ocrx_word' id='word_1_22' title='bbox 1370 588 1461 649; x_wconf 88' lang='lat' dir='ltr'><strong>ratio-</strong></span> 
     </span>
     <span class='ocr_line' id='line_1_4' title="bbox 278 688 1461 769; baseline 0 -19"><span class='ocrx_word' id='word_1_23' title='bbox 278 690 367 751; x_wconf 85' lang='lat' dir='ltr'>nibus</span> <span class='ocrx_word' id='word_1_24' title='bbox 389 710 424 751; x_wconf 89' lang='lat' dir='ltr'><strong>ee</strong></span> <span class='ocrx_word' id='word_1_25' title='bbox 445 688 522 766; x_wconf 75' lang='lat' dir='ltr'><strong>viis,</strong></span> <span class='ocrx_word' id='word_1_26' title='bbox 545 709 619 769; x_wconf 92' lang='lat' dir='ltr'><strong>quas</strong></span> <span class='ocrx_word' id='word_1_27' title='bbox 640 690 841 752; x_wconf 87' lang='lat' dir='ltr'><strong>adhibuerunt</strong></span> <span class='ocrx_word' id='word_1_28' title='bbox 862 690 921 752; x_wconf 82' lang='lat' dir='ltr'><strong>viri</strong></span> <span class='ocrx_word' id='word_1_29' title='bbox 932 738 941 767; x_wconf 92' lang='lat'>‚</span> <span class='ocrx_word' id='word_1_30' title='bbox 970 692 1161 752; x_wconf 88' lang='lat' dir='ltr'><strong>attribuenda</strong></span> <span class='ocrx_word' id='word_1_31' title='bbox 1181 690 1222 751; x_wconf 89' lang='lat' dir='ltr'><strong>sit</strong></span> <span class='ocrx_word' id='word_1_32' title='bbox 1243 711 1330 752; x_wconf 86' lang='lat' dir='ltr'><strong>eausa</strong></span> <span class='ocrx_word' id='word_1_33' title='bbox 1351 691 1461 751; x_wconf 88' lang='lat' dir='ltr'><strong>discre-</strong></span> 
     </span>
     <span class='ocr_line' id='line_1_5' title="bbox 277 791 409 868; baseline 0.023 -17"><span class='ocrx_word' id='word_1_34' title='bbox 277 791 409 868; x_wconf 83' lang='lat' dir='ltr'><strong>pantias.</strong></span> 
     </span>
    </p>

    <p class='ocr_par' dir='ltr' id='par_1_3' title="bbox 278 893 1460 1280">
     <span class='ocr_line' id='line_1_6' title="bbox 317 893 1460 978; baseline 0.001 -25"><span class='ocrx_word' id='word_1_35' title='bbox 317 967 322 974; x_wconf 90' lang='lat'>.</span> <span class='ocrx_word' id='word_1_36' title='bbox 366 895 471 955; x_wconf 74' lang='lat' dir='ltr'><strong>Totam</strong></span> <span class='ocrx_word' id='word_1_37' title='bbox 494 893 573 953; x_wconf 89' lang='lat' dir='ltr'><strong>enim</strong></span> <span class='ocrx_word' id='word_1_38' title='bbox 596 893 752 978; x_wconf 77' lang='lat' dir='ltr'><strong>historiam</strong></span> <span class='ocrx_word' id='word_1_39' title='bbox 781 896 871 956; x_wconf 89' lang='lat' dir='ltr'><strong>huius</strong></span> <span class='ocrx_word' id='word_1_40' title='bbox 898 895 1080 976; x_wconf 78' lang='lat' dir='ltr'><strong>quaestionis</strong></span> <span class='ocrx_word' id='word_1_41' title='bbox 1103 895 1235 975; x_wconf 83' lang='lat' dir='ltr'><strong>criticam</strong></span> <span class='ocrx_word' id='word_1_42' title='bbox 1264 895 1460 956; x_wconf 82' lang='lat' dir='ltr'><strong>lustrantibus</strong></span> 
     </span>
     <span class='ocr_line' id='line_1_7' title="bbox 279 995 1459 1076; baseline 0.003 -22"><span class='ocrx_word' id='word_1_43' title='bbox 279 997 337 1057; x_wconf 93' lang='lat' dir='ltr'><strong>duo</strong></span> <span class='ocrx_word' id='word_1_44' title='bbox 368 995 527 1073; x_wconf 88' lang='lat' dir='ltr'><strong>imprimis·</strong></span> <span class='ocrx_word' id='word_1_45' title='bbox 546 1016 657 1073; x_wconf 84' lang='lat' dir='ltr'><strong>genere</strong></span> <span class='ocrx_word' id='word_1_46' title='bbox 685 997 834 1059; x_wconf 88' lang='lat' dir='ltr'><strong>rationum</strong></span> <span class='ocrx_word' id='word_1_47' title='bbox 864 997 1004 1060; x_wconf 82' lang='lat' dir='ltr'><strong>universa</strong></span> <span class='ocrx_word' id='word_1_48' title='bbox 1032 1003 1207 1076; x_wconf 86' lang='lat' dir='ltr'><strong>occurrunt,</strong></span> <span class='ocrx_word' id='word_1_49' title='bbox 1239 997 1368 1074; x_wconf 89' lang='lat' dir='ltr'><strong>primum</strong></span> <span class='ocrx_word' id='word_1_50' title='bbox 1401 1016 1459 1076; x_wconf 92' lang='lat' dir='ltr'><strong>quo</strong></span> 
     </span>
     <span class='ocr_line' id='line_1_8' title="bbox 278 1099 1459 1178; baseline 0 -20"><span class='ocrx_word' id='word_1_51' title='bbox 278 1103 404 1178; x_wconf 88' lang='lat' dir='ltr'><strong>utraque</strong></span> <span class='ocrx_word' id='word_1_52' title='bbox 425 1099 527 1158; x_wconf 82' lang='lat' dir='ltr'><strong>fabula</strong></span> <span class='ocrx_word' id='word_1_53' title='bbox 549 1101 635 1160; x_wconf 91' lang='lat' dir='ltr'><strong>docta</strong></span> <span class='ocrx_word' id='word_1_54' title='bbox 657 1099 697 1160; x_wconf 92' lang='lat' dir='ltr'><strong>sit</strong></span> <span class='ocrx_word' id='word_1_55' title='bbox 718 1105 835 1178; x_wconf 85' lang='lat' dir='ltr'><strong>tempus</strong></span> <span class='ocrx_word' id='word_1_56' title='bbox 856 1101 907 1164; x_wconf 80' lang='lat' dir='ltr'><strong>vel</strong></span> <span class='ocrx_word' id='word_1_57' title='bbox 923 1120 1033 1161; x_wconf 90' lang='lat' dir='ltr'><strong>annum</strong></span> <span class='ocrx_word' id='word_1_58' title='bbox 1049 1099 1208 1174; x_wconf 89' lang='lat' dir='ltr'><strong>statuendi,</strong></span> <span class='ocrx_word' id='word_1_59' title='bbox 1228 1099 1354 1160; x_wconf 88' lang='lat' dir='ltr'><strong>alterum</strong></span> <span class='ocrx_word' id='word_1_60' title='bbox 1376 1101 1459 1159; x_wconf 85' lang='lat' dir='ltr'><strong>fabu-</strong></span> 
     </span>
     <span class='ocr_line' id='line_1_9' title="bbox 278 1201 1176 1280; baseline 0.001 -21"><span class='ocrx_word' id='word_1_61' title='bbox 278 1201 323 1260; x_wconf 87' lang='lat' dir='ltr'><strong>las</strong></span> <span class='ocrx_word' id='word_1_62' title='bbox 344 1201 425 1280; x_wconf 90' lang='lat' dir='ltr'><strong>ipsas</strong></span> <span class='ocrx_word' id='word_1_63' title='bbox 439 1203 489 1262; x_wconf 85' lang='lat' dir='ltr'><strong>vel</strong></span> <span class='ocrx_word' id='word_1_64' title='bbox 510 1206 611 1278; x_wconf 86' lang='lat' dir='ltr'><strong>partes</strong></span> <span class='ocrx_word' id='word_1_65' title='bbox 634 1202 801 1263; x_wconf 88' lang='lat' dir='ltr'><strong>accuratius</strong></span> <span class='ocrx_word' id='word_1_66' title='bbox 822 1203 902 1264; x_wconf 89' lang='lat' dir='ltr'><strong>inter</strong></span> <span class='ocrx_word' id='word_1_67' title='bbox 924 1223 955 1262; x_wconf 91' lang='lat' dir='ltr'><strong>se</strong></span> <span class='ocrx_word' id='word_1_68' title='bbox 977 1201 1176 1280; x_wconf 85' lang='lat' dir='ltr'><strong>comparandi.</strong></span> 
     </span>
    </p>

    <p class='ocr_par' dir='ltr' id='par_1_4' title="bbox 279 1303 1459 1589">
     <span class='ocr_line' id='line_1_10' title="bbox 362 1303 1458 1384; baseline 0.005 -23"><span class='ocrx_word' id='word_1_69' title='bbox 362 1305 408 1363; x_wconf 83' lang='lat' dir='ltr'><strong>Ao</strong></span> <span class='ocrx_word' id='word_1_70' title='bbox 428 1303 537 1381; x_wconf 87' lang='lat' dir='ltr'><strong>prioris</strong></span> <span class='ocrx_word' id='word_1_71' title='bbox 558 1303 681 1384; x_wconf 87' lang='lat' dir='ltr'><strong>quidem</strong></span> <span class='ocrx_word' id='word_1_72' title='bbox 702 1307 839 1383; x_wconf 83' lang='lat' dir='ltr'><strong>generis,</strong></span> <span class='ocrx_word' id='word_1_73' title='bbox 870 1327 935 1368; x_wconf 90' lang='lat' dir='ltr'><strong>cum</strong></span> <span class='ocrx_word' id='word_1_74' title='bbox 959 1309 1039 1366; x_wconf 87' lang='lat' dir='ltr'><strong>certa</strong></span> <span class='ocrx_word' id='word_1_75' title='bbox 1065 1303 1236 1365; x_wconf 85' lang='lat' dir='ltr'><strong>testimonia</strong></span> <span class='ocrx_word' id='word_1_76' title='bbox 1264 1304 1324 1364; x_wconf 90' lang='lat' dir='ltr'><strong>iam</strong></span> <span class='ocrx_word' id='word_1_77' title='bbox 1347 1324 1385 1366; x_wconf 85' lang='lat' dir='ltr'><strong>ex</strong></span> <span class='ocrx_word' id='word_1_78' title='bbox 1407 1323 1458 1366; x_wconf 84' lang='lat' dir='ltr'><strong>sn-</strong></span> 
     </span>
     <span class='ocr_line' id='line_1_11' title="bbox 279 1404 1459 1488; baseline 0.001 -23"><span class='ocrx_word' id='word_1_79' title='bbox 279 1404 421 1485; x_wconf 85' lang='lat' dir='ltr'><strong>tiquitate</strong></span> <span class='ocrx_word' id='word_1_80' title='bbox 453 1411 485 1466; x_wconf 89' lang='lat' dir='ltr'><strong>et</strong></span> <span class='ocrx_word' id='word_1_81' title='bbox 505 1412 660 1483; x_wconf 88' lang='lat' dir='ltr'><strong>poetarum</strong></span> <span class='ocrx_word' id='word_1_82' title='bbox 681 1414 817 1488; x_wconf 85' lang='lat' dir='ltr'><strong>tempore</strong></span> <span class='ocrx_word' id='word_1_83' title='bbox 840 1407 950 1469; x_wconf 88' lang='lat' dir='ltr'><strong>tradita</strong></span> <span class='ocrx_word' id='word_1_84' title='bbox 979 1426 1039 1467; x_wconf 91' lang='lat' dir='ltr'><strong>non</strong></span> <span class='ocrx_word' id='word_1_85' title='bbox 1062 1411 1181 1482; x_wconf 83' lang='lat' dir='ltr'><strong>extent,</strong></span> <span class='ocrx_word' id='word_1_86' title='bbox 1213 1426 1301 1486; x_wconf 90' lang='lat' dir='ltr'><strong>quam</strong></span> <span class='ocrx_word' id='word_1_87' title='bbox 1329 1407 1459 1466; x_wconf 85' lang='lat' dir='ltr'><strong>incertae</strong></span> 
     </span>
     <span class='ocr_line' id='line_1_12' title="bbox 279 1507 1151 1589; baseline 0.002 -21"><span class='ocrx_word' id='word_1_88' title='bbox 279 1507 340 1568; x_wconf 91' lang='lat' dir='ltr'><strong>sint</strong></span> <span class='ocrx_word' id='word_1_89' title='bbox 362 1508 430 1569; x_wconf 84' lang='lat' dir='ltr'><strong>vise</strong></span> <span class='ocrx_word' id='word_1_90' title='bbox 448 1508 631 1589; x_wconf 90' lang='lat' dir='ltr'><strong>minimeque</strong></span> <span class='ocrx_word' id='word_1_91' title='bbox 654 1514 745 1586; x_wconf 83' lang='lat' dir='ltr'><strong>tutae,</strong></span> <span class='ocrx_word' id='word_1_92' title='bbox 770 1511 858 1570; x_wconf 85' lang='lat' dir='ltr'><strong>iecile</strong></span> <span class='ocrx_word' id='word_1_93' title='bbox 879 1509 1049 1587; x_wconf 86' lang='lat' dir='ltr'><strong>perspicere</strong></span> <span class='ocrx_word' id='word_1_94' title='bbox 1071 1508 1151 1570; x_wconf 88' lang='lat' dir='ltr'><strong>licet.</strong></span> 
     </span>
    </p>

    <p class='ocr_par' dir='ltr' id='par_1_5' title="bbox 276 1609 1460 2819">
     <span class='ocr_line' id='line_1_13' title="bbox 362 1609 1459 1678; baseline 0 -8"><span class='ocrx_word' id='word_1_95' title='bbox 362 1612 465 1672; x_wconf 89' lang='lat' dir='ltr'><strong>Rebus</strong></span> <span class='ocrx_word' id='word_1_96' title='bbox 487 1609 619 1671; x_wconf 88' lang='lat' dir='ltr'><strong>metricis</strong></span> <span class='ocrx_word' id='word_1_97' title='bbox 642 1611 722 1672; x_wconf 93' lang='lat' dir='ltr'><strong>enim</strong></span> <span class='ocrx_word' id='word_1_98' title='bbox 746 1612 868 1674; x_wconf 90' lang='lat' dir='ltr'><strong>omnino</strong></span> <span class='ocrx_word' id='word_1_99' title='bbox 897 1631 958 1673; x_wconf 89' lang='lat' dir='ltr'><strong>non</strong></span> <span class='ocrx_word' id='word_1_100' title='bbox 980 1611 1107 1671; x_wconf 87' lang='lat' dir='ltr'><strong>multum</strong></span> <span class='ocrx_word' id='word_1_101' title='bbox 1129 1611 1272 1672; x_wconf 87' lang='lat' dir='ltr'><strong>momenti</strong></span> <span class='ocrx_word' id='word_1_102' title='bbox 1294 1611 1459 1678; x_wconf 85' lang='lat' dir='ltr'><strong>attribuen-</strong></span> 
     </span>
     <span class='ocr_line' id='line_1_14' title="bbox 277 1711 1459 1794; baseline 0.002 -22"><span class='ocrx_word' id='word_1_103' title='bbox 277 1715 346 1774; x_wconf 93' lang='lat' dir='ltr'><strong>dum</strong></span> <span class='ocrx_word' id='word_1_104' title='bbox 369 1733 433 1774; x_wconf 90' lang='lat' dir='ltr'><strong>esse</strong></span> <span class='ocrx_word' id='word_1_105' title='bbox 456 1711 578 1793; x_wconf 84' lang='lat' dir='ltr'><strong>opinor,</strong></span> <span class='ocrx_word' id='word_1_106' title='bbox 601 1715 741 1794; x_wconf 87' lang='lat' dir='ltr'><strong>quoniam</strong></span> <span class='ocrx_word' id='word_1_107' title='bbox 762 1719 856 1776; x_wconf 85' lang='lat' dir='ltr'><strong>metra</strong></span> <span class='ocrx_word' id='word_1_108' title='bbox 878 1715 971 1791; x_wconf 80' lang='lat' dir='ltr'><strong>magis</strong></span> <span class='ocrx_word' id='word_1_109' title='bbox 993 1715 1043 1777; x_wconf 78' lang='lat' dir='ltr'><strong>vel</strong></span> <span class='ocrx_word' id='word_1_110' title='bbox 1059 1713 1156 1775; x_wconf 88' lang='lat' dir='ltr'><strong>minus</strong></span> <span class='ocrx_word' id='word_1_111' title='bbox 1171 1719 1306 1774; x_wconf 87' lang='lat' dir='ltr'><strong>accurate</strong></span> <span class='ocrx_word' id='word_1_112' title='bbox 1324 1719 1459 1789; x_wconf 66' lang='grc'><strong>15555515,</strong></span> 
     </span>
     <span class='ocr_line' id='line_1_15' title="bbox 277 1815 1459 1894; baseline 0.001 -19"><span class='ocrx_word' id='word_1_113' title='bbox 277 1835 370 1877; x_wconf 82' lang='lat' dir='ltr'><strong>novas</strong></span> <span class='ocrx_word' id='word_1_114' title='bbox 384 1816 617 1893; x_wconf 79' lang='lat' dir='ltr'><strong>compositiones</strong></span> <span class='ocrx_word' id='word_1_115' title='bbox 638 1817 776 1878; x_wconf 84' lang='lat' dir='ltr'><strong>metricas</strong></span> <span class='ocrx_word' id='word_1_116' title='bbox 791 1819 932 1878; x_wconf 86' lang='lat' dir='ltr'><strong>inducere</strong></span> <span class='ocrx_word' id='word_1_117' title='bbox 953 1817 1003 1878; x_wconf 87' lang='lat' dir='ltr'><strong>vel</strong></span> <span class='ocrx_word' id='word_1_118' title='bbox 1024 1816 1146 1877; x_wconf 83' lang='lat' dir='ltr'><strong>evitare</strong></span> <span class='ocrx_word' id='word_1_119' title='bbox 1159 1815 1192 1876; x_wconf 91' lang='lat' dir='ltr'><strong>in</strong></span> <span class='ocrx_word' id='word_1_120' title='bbox 1214 1820 1319 1894; x_wconf 92' lang='lat' dir='ltr'><strong>poetae</strong></span> <span class='ocrx_word' id='word_1_121' title='bbox 1335 1815 1459 1876; x_wconf 88' lang='lat' dir='ltr'><strong>arbitrio</strong></span> 
     </span>
     <span class='ocr_line' id='line_1_16' title="bbox 277 1918 1460 2001; baseline 0.001 -23"><span class='ocrx_word' id='word_1_122' title='bbox 277 1923 339 1992; x_wconf 89' lang='lat' dir='ltr'><strong>est;</strong></span> <span class='ocrx_word' id='word_1_123' title='bbox 369 1939 445 1999; x_wconf 90' lang='lat' dir='ltr'><strong>quae</strong></span> <span class='ocrx_word' id='word_1_124' title='bbox 466 1918 616 1979; x_wconf 84' lang='lat' dir='ltr'><strong>sententia</strong></span> <span class='ocrx_word' id='word_1_125' title='bbox 639 1939 673 1981; x_wconf 91' lang='lat' dir='ltr'><strong>eo</strong></span> <span class='ocrx_word' id='word_1_126' title='bbox 696 1920 872 1996; x_wconf 73' lang='lat' dir='ltr'><strong>adiuvatur,</strong></span> <span class='ocrx_word' id='word_1_127' title='bbox 897 1921 977 2001; x_wconf 90' lang='lat' dir='ltr'><strong>quod</strong></span> <span class='ocrx_word' id='word_1_128' title='bbox 998 1918 1128 1979; x_wconf 88' lang='lat' dir='ltr'><strong>metricis</strong></span> <span class='ocrx_word' id='word_1_129' title='bbox 1150 1918 1318 1979; x_wconf 91' lang='lat' dir='ltr'><strong>rationibus</strong></span> <span class='ocrx_word' id='word_1_130' title='bbox 1339 1919 1460 1979; x_wconf 86' lang='lat' dir='ltr'><strong>adducti</strong></span> 
     </span>
     <span class='ocr_line' id='line_1_17' title="bbox 276 2021 1459 2102; baseline 0 -22"><span class='ocrx_word' id='word_1_131' title='bbox 276 2021 431 2099; x_wconf 72' lang='lat' dir='ltr'><strong>Sophoclis</strong></span> <span class='ocrx_word' id='word_1_132' title='bbox 460 2021 609 2082; x_wconf 86' lang='lat' dir='ltr'><strong>Electram</strong></span> <span class='ocrx_word' id='word_1_133' title='bbox 639 2023 692 2081; x_wconf 88' lang='lat' dir='ltr'><strong>alii</strong></span> <span class='ocrx_word' id='word_1_134' title='bbox 721 2023 772 2102; x_wconf 84' lang='lat' dir='ltr'><strong>(cf.</strong></span> <span class='ocrx_word' id='word_1_135' title='bbox 794 2021 1008 2099; x_wconf 82' lang='lat' dir='ltr'><strong>Wilamowita)</strong></span> <span class='ocrx_word' id='word_1_136' title='bbox 1038 2021 1196 2098; x_wconf 81' lang='lat' dir='ltr'><strong>postremis</strong></span> <span class='ocrx_word' id='word_1_137' title='bbox 1226 2025 1332 2097; x_wconf 88' lang='lat' dir='ltr'><strong>poetae</strong></span> <span class='ocrx_word' id='word_1_138' title='bbox 1364 2021 1459 2094; x_wconf 89' lang='lat' dir='ltr'><strong>annis,</strong></span> 
     </span>
     <span class='ocr_line' id='line_1_18' title="bbox 276 2122 1460 2208; baseline 0 -25"><span class='ocrx_word' id='word_1_139' title='bbox 276 2124 328 2183; x_wconf 90' lang='lat' dir='ltr'><strong>alii</strong></span> <span class='ocrx_word' id='word_1_140' title='bbox 351 2123 401 2202; x_wconf 84' lang='lat' dir='ltr'><strong>(cf.</strong></span> <span class='ocrx_word' id='word_1_141' title='bbox 424 2123 562 2202; x_wconf 90' lang='lat' dir='ltr'><strong>Philipp)</strong></span> <span class='ocrx_word' id='word_1_142' title='bbox 575 2125 603 2201; x_wconf 86' lang='lat'><strong>¹)</strong></span> <span class='ocrx_word' id='word_1_143' title='bbox 627 2124 748 2202; x_wconf 90' lang='lat' dir='ltr'><strong>primis,</strong></span> <span class='ocrx_word' id='word_1_144' title='bbox 782 2127 918 2208; x_wconf 85' lang='lat' dir='ltr'><strong>plerique</strong></span> <span class='ocrx_word' id='word_1_145' title='bbox 941 2125 993 2204; x_wconf 87' lang='lat' dir='ltr'><strong>(cf.</strong></span> <span class='ocrx_word' id='word_1_146' title='bbox 1016 2125 1169 2184; x_wconf 81' lang='lat' dir='ltr'><strong>Rossbach</strong></span> <span class='ocrx_word' id='word_1_147' title='bbox 1192 2127 1222 2182; x_wconf 87' lang='lat' dir='ltr'><strong>et</strong></span> <span class='ocrx_word' id='word_1_148' title='bbox 1245 2123 1414 2201; x_wconf 88' lang='lat' dir='ltr'><strong>Westphal)</strong></span> <span class='ocrx_word' id='word_1_149' title='bbox 1429 2122 1460 2200; x_wconf 76' lang='lat'><strong>²)</strong></span> 
     </span>
     <span class='ocr_line' id='line_1_19' title="bbox 276 2226 1460 2305; baseline -0.002 -19"><span class='ocrx_word' id='word_1_150' title='bbox 276 2226 371 2303; x_wconf 90' lang='lat' dir='ltr'><strong>priori</strong></span> <span class='ocrx_word' id='word_1_151' title='bbox 391 2227 443 2287; x_wconf 87' lang='lat' dir='ltr'><strong>vel</strong></span> <span class='ocrx_word' id='word_1_152' title='bbox 464 2227 581 2287; x_wconf 87' lang='lat' dir='ltr'><strong>mediae</strong></span> <span class='ocrx_word' id='word_1_153' title='bbox 610 2227 702 2288; x_wconf 85' lang='lat' dir='ltr'><strong>aetati</strong></span> <span class='ocrx_word' id='word_1_154' title='bbox 731 2228 973 2305; x_wconf 84' lang='lat' dir='ltr'><strong>assignaverunt;</strong></span> <span class='ocrx_word' id='word_1_155' title='bbox 1005 2226 1161 2302; x_wconf 80' lang='lat' dir='ltr'><strong>Euripidis</strong></span> <span class='ocrx_word' id='word_1_156' title='bbox 1190 2233 1290 2286; x_wconf 88' lang='lat' dir='ltr'><strong>autem</strong></span> <span class='ocrx_word' id='word_1_157' title='bbox 1312 2227 1460 2285; x_wconf 86' lang='lat' dir='ltr'><strong>Electram</strong></span> 
     </span>
     <span class='ocr_line' id='line_1_20' title="bbox 276 2327 1460 2409; baseline -0.003 -19"><span class='ocrx_word' id='word_1_158' title='bbox 276 2329 365 2390; x_wconf 90' lang='lat' dir='ltr'><strong>metri</strong></span> <span class='ocrx_word' id='word_1_159' title='bbox 394 2348 483 2390; x_wconf 88' lang='lat' dir='ltr'><strong>eausa</strong></span> <span class='ocrx_word' id='word_1_160' title='bbox 505 2329 626 2408; x_wconf 81' lang='lat' dir='ltr'><strong>Gruppe</strong></span> <span class='ocrx_word' id='word_1_161' title='bbox 640 2331 669 2408; x_wconf 71' lang='grc'><strong>8)</strong></span> <span class='ocrx_word' id='word_1_162' title='bbox 700 2329 732 2390; x_wconf 90' lang='lat' dir='ltr'><strong>in</strong></span> <span class='ocrx_word' id='word_1_163' title='bbox 755 2331 905 2408; x_wconf 90' lang='lat' dir='ltr'><strong>prioribus</strong></span> <span class='ocrx_word' id='word_1_164' title='bbox 927 2335 1033 2409; x_wconf 87' lang='lat' dir='ltr'><strong>poetae</strong></span> <span class='ocrx_word' id='word_1_165' title='bbox 1055 2327 1166 2388; x_wconf 81' lang='lat' dir='ltr'><strong>fabulis</strong></span> <span class='ocrx_word' id='word_1_166' title='bbox 1187 2327 1289 2404; x_wconf 86' lang='lat' dir='ltr'><strong>ponit,</strong></span> <span class='ocrx_word' id='word_1_167' title='bbox 1319 2327 1460 2387; x_wconf 83' lang='lat' dir='ltr'><strong>Zirndor·</strong></span> 
     </span>
     <span class='ocr_line' id='line_1_21' title="bbox 277 2429 1459 2510; baseline -0.003 -18"><span class='ocrx_word' id='word_1_168' title='bbox 277 2430 364 2510; x_wconf 63' lang='grc'><strong>1554)</strong></span> <span class='ocrx_word' id='word_1_169' title='bbox 393 2432 474 2492; x_wconf 89' lang='lat' dir='ltr'><strong>intra</strong></span> <span class='ocrx_word' id='word_1_170' title='bbox 495 2450 606 2492; x_wconf 88' lang='lat' dir='ltr'><strong>annum</strong></span> <span class='ocrx_word' id='word_1_171' title='bbox 636 2452 664 2493; x_wconf 84' lang='lat' dir='ltr'><strong>a.</strong></span> <span class='ocrx_word' id='word_1_172' title='bbox 686 2432 755 2492; x_wconf 84' lang='lat' dir='ltr'><strong>chr.</strong></span> <span class='ocrx_word' id='word_1_173' title='bbox 778 2454 807 2494; x_wconf 91' lang='lat' dir='ltr'><strong>n.</strong></span> <span class='ocrx_word' id='word_1_174' title='bbox 838 2437 899 2493; x_wconf 98' lang='grc'><strong>420</strong></span> <span class='ocrx_word' id='word_1_175' title='bbox 926 2439 958 2495; x_wconf 90' lang='lat' dir='ltr'><strong>et</strong></span> <span class='ocrx_word' id='word_1_176' title='bbox 979 2435 1059 2506; x_wconf 82' lang='lat'>415,</span> <span class='ocrx_word' id='word_1_177' title='bbox 1089 2429 1257 2509; x_wconf 80' lang='lat' dir='ltr'><strong>Dindorl⁶)</strong></span> <span class='ocrx_word' id='word_1_178' title='bbox 1287 2430 1349 2489; x_wconf 86' lang='lat' dir='ltr'><strong>fere</strong></span> <span class='ocrx_word' id='word_1_179' title='bbox 1377 2429 1459 2489; x_wconf 88' lang='lat' dir='ltr'><strong>intra</strong></span> 
     </span>
     <span class='ocr_line' id='line_1_22' title="bbox 278 2529 1459 2611; baseline -0.003 -18"><span class='ocrx_word' id='word_1_180' title='bbox 278 2539 339 2594; x_wconf 89' lang='grc'><strong>425</strong></span> <span class='ocrx_word' id='word_1_181' title='bbox 363 2537 394 2595; x_wconf 87' lang='lat' dir='ltr'><strong>et</strong></span> <span class='ocrx_word' id='word_1_182' title='bbox 415 2538 475 2594; x_wconf 85' lang='grc'><strong>411</strong></span> <span class='ocrx_word' id='word_1_183' title='bbox 500 2534 689 2611; x_wconf 89' lang='lat' dir='ltr'><strong>suspicantur</strong></span> <span class='ocrx_word' id='word_1_184' title='bbox 711 2536 826 2596; x_wconf 81' lang='lat' dir='ltr'><strong>doctum</strong></span> <span class='ocrx_word' id='word_1_185' title='bbox 849 2555 922 2609; x_wconf 92' lang='lat' dir='ltr'><strong>esse,</strong></span> <span class='ocrx_word' id='word_1_186' title='bbox 944 2555 1012 2596; x_wconf 90' lang='lat' dir='ltr'><strong>cum</strong></span> <span class='ocrx_word' id='word_1_187' title='bbox 1034 2532 1244 2606; x_wconf 83' lang='lat' dir='ltr'><strong>Wilamowita,</strong></span> <span class='ocrx_word' id='word_1_188' title='bbox 1267 2531 1318 2611; x_wconf 89' lang='lat' dir='ltr'><strong>qui</strong></span> <span class='ocrx_word' id='word_1_189' title='bbox 1341 2529 1459 2609; x_wconf 87' lang='lat' dir='ltr'><strong>Euripi-</strong></span> 
     </span>
     <span class='ocr_line' id='line_1_23' title="bbox 276 2634 1459 2716; baseline -0.002 -20"><span class='ocrx_word' id='word_1_190' title='bbox 276 2637 344 2699; x_wconf 91' lang='lat' dir='ltr'><strong>dem</strong></span> <span class='ocrx_word' id='word_1_191' title='bbox 366 2635 498 2716; x_wconf 78' lang='lat' dir='ltr'><strong>priorem</strong></span> <span class='ocrx_word' id='word_1_192' title='bbox 518 2636 722 2697; x_wconf 87' lang='lat' dir='ltr'><strong>demonstrare</strong></span> <span class='ocrx_word' id='word_1_193' title='bbox 744 2639 856 2713; x_wconf 86' lang='lat' dir='ltr'><strong>studet,</strong></span> <span class='ocrx_word' id='word_1_194' title='bbox 887 2637 1024 2698; x_wconf 88' lang='lat' dir='ltr'><strong>metricas</strong></span> <span class='ocrx_word' id='word_1_195' title='bbox 1045 2655 1093 2695; x_wconf 90' lang='lat' dir='ltr'><strong>res</strong></span> <span class='ocrx_word' id='word_1_196' title='bbox 1116 2635 1257 2714; x_wconf 87' lang='lat' dir='ltr'><strong>quasdam</strong></span> <span class='ocrx_word' id='word_1_197' title='bbox 1280 2634 1459 2712; x_wconf 88' lang='lat' dir='ltr'><strong>Euripideee</strong></span> 
     </span>
     <span class='ocr_line' id='line_1_24' title="bbox 280 2736 1416 2819; baseline 0.001 -22"><span class='ocrx_word' id='word_1_198' title='bbox 280 2736 416 2800; x_wconf 82' lang='lat' dir='ltr'><strong>Electrae</strong></span> <span class='ocrx_word' id='word_1_199' title='bbox 438 2760 498 2801; x_wconf 93' lang='lat' dir='ltr'><strong>non</strong></span> <span class='ocrx_word' id='word_1_200' title='bbox 520 2738 580 2798; x_wconf 92' lang='lat' dir='ltr'><strong>nisi</strong></span> <span class='ocrx_word' id='word_1_201' title='bbox 602 2737 635 2797; x_wconf 92' lang='lat' dir='ltr'><strong>in</strong></span> <span class='ocrx_word' id='word_1_202' title='bbox 657 2740 873 2819; x_wconf 86' lang='lat' dir='ltr'><strong>posterioribus</strong></span> <span class='ocrx_word' id='word_1_203' title='bbox 895 2739 1004 2802; x_wconf 87' lang='lat' dir='ltr'><strong>fabulis</strong></span> <span class='ocrx_word' id='word_1_204' title='bbox 1026 2736 1158 2798; x_wconf 87' lang='lat' dir='ltr'><strong>inveniri</strong></span> <span class='ocrx_word' id='word_1_205' title='bbox 1179 2737 1244 2814; x_wconf 92' lang='lat' dir='ltr'><strong>ipse</strong></span> <span class='ocrx_word' id='word_1_206' title='bbox 1266 2739 1416 2798; x_wconf 85' lang='lat' dir='ltr'><strong>concedat.</strong></span> 
     </span>
    </p>

    <p class='ocr_par' dir='ltr' id='par_1_6' title="bbox 279 2839 1494 3839">
     <span class='ocr_line' id='line_1_25' title="bbox 365 2839 1494 2930; baseline -0.004 -28"><span class='ocrx_word' id='word_1_207' title='bbox 365 2844 409 2902; x_wconf 81' lang='lat' dir='ltr'><strong>At</strong></span> <span class='ocrx_word' id='word_1_208' title='bbox 430 2841 491 2903; x_wconf 83' lang='lat' dir='ltr'><strong>elia</strong></span> <span class='ocrx_word' id='word_1_209' title='bbox 514 2841 717 2904; x_wconf 83' lang='lat' dir='ltr'><strong>adiunxerant</strong></span> <span class='ocrx_word' id='word_1_210' title='bbox 738 2843 799 2916; x_wconf 80' lang='lat' dir='ltr'><strong>viri</strong></span> <span class='ocrx_word' id='word_1_211' title='bbox 821 2843 991 2904; x_wconf 87' lang='lat' dir='ltr'><strong>adiumenta</strong></span> <span class='ocrx_word' id='word_1_212' title='bbox 1020 2841 1059 2902; x_wconf 93' lang='lat' dir='ltr'><strong>ad</strong></span> <span class='ocrx_word' id='word_1_213' title='bbox 1087 2860 1170 2901; x_wconf 91' lang='lat' dir='ltr'><strong>suam</strong></span> <span class='ocrx_word' id='word_1_214' title='bbox 1193 2839 1319 2921; x_wconf 89' lang='lat' dir='ltr'><strong>quisque</strong></span> <span class='ocrx_word' id='word_1_215' title='bbox 1341 2844 1461 2899; x_wconf 87' lang='lat' dir='ltr'><strong>senten·</strong></span> <span class='ocrx_word' id='word_1_216' title='bbox 1485 2909 1494 2930; x_wconf 44' lang='lat'>⁸</span> 
     </span>
     <span class='ocr_line' id='line_1_26' title="bbox 280 2930 1460 3027; baseline -0.004 -22"><span class='ocrx_word' id='word_1_217' title='bbox 280 2943 353 3005; x_wconf 89' lang='lat' dir='ltr'><strong>tiam</strong></span> <span class='ocrx_word' id='word_1_218' title='bbox 375 2945 569 3023; x_wconf 82' lang='lat' dir='ltr'><strong>probandam.</strong></span> <span class='ocrx_word' id='word_1_219' title='bbox 613 2944 706 3006; x_wconf 82' lang='lat' dir='ltr'><strong>Velut</strong></span> <span class='ocrx_word' id='word_1_220' title='bbox 725 2945 784 3007; x_wconf 92' lang='lat' dir='ltr'><strong>loci</strong></span> <span class='ocrx_word' id='word_1_221' title='bbox 807 2945 859 3027; x_wconf 90' lang='lat' dir='ltr'><strong>qui</strong></span> <span class='ocrx_word' id='word_1_222' title='bbox 880 2930 960 3006; x_wconf 89' lang='lat' dir='ltr'><strong>inter</strong></span> <span class='ocrx_word' id='word_1_223' title='bbox 989 2964 1021 3004; x_wconf 90' lang='lat' dir='ltr'><strong>se</strong></span> <span class='ocrx_word' id='word_1_224' title='bbox 1042 2943 1205 3019; x_wconf 89' lang='lat' dir='ltr'><strong>respiciant</strong></span> <span class='ocrx_word' id='word_1_225' title='bbox 1225 2941 1274 3001; x_wconf 91' lang='lat' dir='ltr'><strong>his</strong></span> <span class='ocrx_word' id='word_1_226' title='bbox 1295 2944 1329 3001; x_wconf 91' lang='lat' dir='ltr'><strong>in</strong></span> <span class='ocrx_word' id='word_1_227' title='bbox 1349 2940 1460 3002; x_wconf 86' lang='lat' dir='ltr'><strong>fabulis</strong></span> 
     </span>
     <span class='ocr_line' id='line_1_27' title="bbox 279 3043 1461 3126; baseline -0.003 -19"><span class='ocrx_word' id='word_1_228' title='bbox 279 3051 311 3107; x_wconf 90' lang='lat' dir='ltr'><strong>et</strong></span> <span class='ocrx_word' id='word_1_229' title='bbox 332 3047 400 3107; x_wconf 90' lang='lat' dir='ltr'><strong>aliis</strong></span> <span class='ocrx_word' id='word_1_230' title='bbox 420 3049 553 3126; x_wconf 89' lang='lat' dir='ltr'><strong>ipsorum</strong></span> <span class='ocrx_word' id='word_1_231' title='bbox 575 3048 626 3108; x_wconf 82' lang='lat' dir='ltr'><strong>vel</strong></span> <span class='ocrx_word' id='word_1_232' title='bbox 648 3048 773 3109; x_wconf 89' lang='lat' dir='ltr'><strong>aliorum</strong></span> <span class='ocrx_word' id='word_1_233' title='bbox 795 3055 949 3126; x_wconf 89' lang='lat' dir='ltr'><strong>poetarum</strong></span> <span class='ocrx_word' id='word_1_234' title='bbox 970 3043 1104 3118; x_wconf 80' lang='lat' dir='ltr'><strong>indagati</strong></span> <span class='ocrx_word' id='word_1_235' title='bbox 1126 3049 1213 3118; x_wconf 85' lang='lat' dir='ltr'><strong>suut;</strong></span> <span class='ocrx_word' id='word_1_236' title='bbox 1235 3051 1324 3124; x_wconf 85' lang='lat' dir='ltr'><strong>atque</strong></span> <span class='ocrx_word' id='word_1_237' title='bbox 1346 3044 1461 3121; x_wconf 81' lang='lat' dir='ltr'><strong>Sopho-</strong></span> 
     </span>
     <span class='ocr_line' id='line_1_28' title="bbox 280 3146 1461 3228; baseline -0.003 -20"><span class='ocrx_word' id='word_1_238' title='bbox 280 3148 334 3208; x_wconf 90' lang='lat' dir='ltr'><strong>elis</strong></span> <span class='ocrx_word' id='word_1_239' title='bbox 355 3149 494 3208; x_wconf 85' lang='lat' dir='ltr'><strong>Electrae</strong></span> <span class='ocrx_word' id='word_1_240' title='bbox 516 3167 619 3208; x_wconf 82' lang='lat' dir='ltr'><strong>versus</strong></span> <span class='ocrx_word' id='word_1_241' title='bbox 642 3149 702 3228; x_wconf 89' lang='lat' dir='ltr'><strong>(ed.</strong></span> <span class='ocrx_word' id='word_1_242' title='bbox 724 3150 843 3228; x_wconf 85' lang='lat' dir='ltr'><strong>Nauck)</strong></span> <span class='ocrx_word' id='word_1_243' title='bbox 868 3152 1008 3220; x_wconf 85' lang='grc'><strong>59-64,</strong></span> <span class='ocrx_word' id='word_1_244' title='bbox 1040 3149 1101 3204; x_wconf 88' lang='grc'><strong>504</strong></span> <span class='ocrx_word' id='word_1_245' title='bbox 1123 3163 1206 3226; x_wconf 82' lang='lat' dir='ltr'><strong>sqq,</strong></span> <span class='ocrx_word' id='word_1_246' title='bbox 1238 3151 1316 3206; x_wconf 89' lang='grc'><strong>1505</strong></span> <span class='ocrx_word' id='word_1_247' title='bbox 1341 3166 1405 3226; x_wconf 91' lang='lat' dir='ltr'><strong>sqq.</strong></span> <span class='ocrx_word' id='word_1_248' title='bbox 1427 3146 1461 3205; x_wconf 89' lang='lat' dir='ltr'><strong>in</strong></span> 
     </span>
     <span class='ocr_line' id='line_1_29' title="bbox 279 3248 1462 3330; baseline 0 -22"><span class='ocrx_word' id='word_1_249' title='bbox 279 3248 433 3326; x_wconf 89' lang='lat' dir='ltr'><strong>Euripidis</strong></span> <span class='ocrx_word' id='word_1_250' title='bbox 457 3248 574 3308; x_wconf 89' lang='lat' dir='ltr'><strong>Helena</strong></span> <span class='ocrx_word' id='word_1_251' title='bbox 596 3270 645 3312; x_wconf 76' lang='lat' dir='ltr'><strong>vv.</strong></span> <span class='ocrx_word' id='word_1_252' title='bbox 669 3251 729 3330; x_wconf 89' lang='grc'><strong>(55.</strong></span> <span class='ocrx_word' id='word_1_253' title='bbox 752 3250 925 3329; x_wconf 83' lang='lat' dir='ltr'><strong>Kirchhoff)</strong></span> <span class='ocrx_word' id='word_1_254' title='bbox 951 3251 1170 3321; x_wconf 84' lang='grc'><strong>1049-1056,</strong></span> <span class='ocrx_word' id='word_1_255' title='bbox 1195 3251 1287 3325; x_wconf 83' lang='grc'><strong>1242,</strong></span> <span class='ocrx_word' id='word_1_256' title='bbox 1312 3250 1392 3308; x_wconf 86' lang='grc'><strong>1172</strong></span> <span class='ocrx_word' id='word_1_257' title='bbox 1415 3268 1462 3308; x_wconf 85' lang='lat' dir='ltr'><strong>re-</strong></span> 
     </span>
     <span class='ocr_line' id='line_1_30' title="bbox 282 3350 1463 3430; baseline -0.002 -18"><span class='ocrx_word' id='word_1_258' title='bbox 282 3351 358 3430; x_wconf 86' lang='lat' dir='ltr'><strong>spici</strong></span> <span class='ocrx_word' id='word_1_259' title='bbox 378 3352 481 3412; x_wconf 90' lang='lat' dir='ltr'><strong>Bruhn</strong></span> <span class='ocrx_word' id='word_1_260' title='bbox 506 3350 681 3428; x_wconf 88' lang='lat' dir='ltr'><strong>suspicatur,</strong></span> <span class='ocrx_word' id='word_1_261' title='bbox 705 3353 780 3413; x_wconf 89' lang='lat' dir='ltr'><strong>mihi</strong></span> <span class='ocrx_word' id='word_1_262' title='bbox 802 3373 875 3417; x_wconf 79' lang='lat' dir='ltr'><strong>vero</strong></span> <span class='ocrx_word' id='word_1_263' title='bbox 898 3371 959 3412; x_wconf 89' lang='lat' dir='ltr'><strong>non</strong></span> <span class='ocrx_word' id='word_1_264' title='bbox 981 3350 1070 3427; x_wconf 86' lang='lat' dir='ltr'><strong>plane</strong></span> <span class='ocrx_word' id='word_1_265' title='bbox 1092 3351 1248 3427; x_wconf 87' lang='lat' dir='ltr'><strong>persuasit</strong></span> <span class='ocrx_word' id='word_1_266' title='bbox 1292 3352 1350 3412; x_wconf 81' lang='lat' dir='ltr'><strong>Sed</strong></span> <span class='ocrx_word' id='word_1_267' title='bbox 1366 3353 1463 3412; x_wconf 91' lang='lat' dir='ltr'><strong>Bruh-</strong></span> 
     </span>
     <span class='ocr_line' id='line_1_31' title="bbox 280 3452 1463 3531; baseline 0.001 -19"><span class='ocrx_word' id='word_1_268' title='bbox 280 3452 325 3512; x_wconf 92' lang='lat' dir='ltr'><strong>nii</strong></span> <span class='ocrx_word' id='word_1_269' title='bbox 355 3453 505 3514; x_wconf 85' lang='lat' dir='ltr'><strong>sententia</strong></span> <span class='ocrx_word' id='word_1_270' title='bbox 535 3456 699 3531; x_wconf 84' lang='lat' dir='ltr'><strong>approbata</strong></span> <span class='ocrx_word' id='word_1_271' title='bbox 727 3455 806 3515; x_wconf 88' lang='lat' dir='ltr'><strong>nihil</strong></span> <span class='ocrx_word' id='word_1_272' title='bbox 836 3458 1088 3516; x_wconf 88' lang='lat' dir='ltr'><strong>demonstraretur</strong></span> <span class='ocrx_word' id='word_1_273' title='bbox 1117 3452 1177 3512; x_wconf 90' lang='lat' dir='ltr'><strong>nisi</strong></span> <span class='ocrx_word' id='word_1_274' title='bbox 1209 3458 1279 3514; x_wconf 86' lang='lat' dir='ltr'><strong>ante</strong></span> <span class='ocrx_word' id='word_1_275' title='bbox 1309 3454 1463 3531; x_wconf 90' lang='lat' dir='ltr'><strong>Euripidis</strong></span> 
     </span>
     <span class='ocr_line' id='line_1_32' title="bbox 281 3555 1463 3636; baseline 0.001 -21"><span class='ocrx_word' id='word_1_276' title='bbox 281 3555 428 3618; x_wconf 90' lang='lat' dir='ltr'><strong>Helenam</strong></span> <span class='ocrx_word' id='word_1_277' title='bbox 449 3557 618 3634; x_wconf 88' lang='lat' dir='ltr'><strong>ponendam</strong></span> <span class='ocrx_word' id='word_1_278' title='bbox 640 3576 704 3616; x_wconf 89' lang='lat' dir='ltr'><strong>esse</strong></span> <span class='ocrx_word' id='word_1_279' title='bbox 726 3557 880 3635; x_wconf 80' lang='lat' dir='ltr'><strong>Sophoclis</strong></span> <span class='ocrx_word' id='word_1_280' title='bbox 902 3557 1069 3630; x_wconf 67' lang='lat' dir='ltr'><strong>Electram</strong></span> <span class='ocrx_word' id='word_1_281' title='bbox 1102 3556 1262 3617; x_wconf 88' lang='lat' dir='ltr'><strong>terminum</strong></span> <span class='ocrx_word' id='word_1_282' title='bbox 1283 3561 1353 3633; x_wconf 87' lang='lat' dir='ltr'><strong>post</strong></span> <span class='ocrx_word' id='word_1_283' title='bbox 1374 3575 1463 3636; x_wconf 86' lang='lat' dir='ltr'><strong>quem</strong></span> 
     </span>
     <span class='ocr_line' id='line_1_33' title="bbox 280 3658 1461 3740; baseline -0.002 -20"><span class='ocrx_word' id='word_1_284' title='bbox 280 3679 353 3720; x_wconf 86' lang='lat' dir='ltr'><strong>vero</strong></span> <span class='ocrx_word' id='word_1_285' title='bbox 380 3661 454 3719; x_wconf 89' lang='lat' dir='ltr'><strong>haec</strong></span> <span class='ocrx_word' id='word_1_286' title='bbox 476 3659 577 3720; x_wconf 83' lang='lat' dir='ltr'><strong>fabula</strong></span> <span class='ocrx_word' id='word_1_287' title='bbox 606 3659 647 3720; x_wconf 92' lang='lat' dir='ltr'><strong>sit</strong></span> <span class='ocrx_word' id='word_1_288' title='bbox 674 3660 778 3734; x_wconf 90' lang='lat' dir='ltr'><strong>docta,</strong></span> <span class='ocrx_word' id='word_1_289' title='bbox 808 3659 948 3740; x_wconf 90' lang='lat' dir='ltr'><strong>quoniam</strong></span> <span class='ocrx_word' id='word_1_290' title='bbox 977 3658 1037 3719; x_wconf 84' lang='lat' dir='ltr'><strong>viri</strong></span> <span class='ocrx_word' id='word_1_291' title='bbox 1069 3661 1167 3720; x_wconf 91' lang='lat' dir='ltr'><strong>adhuc</strong></span> <span class='ocrx_word' id='word_1_292' title='bbox 1197 3665 1341 3739; x_wconf 88' lang='lat' dir='ltr'><strong>quantum</strong></span> <span class='ocrx_word' id='word_1_293' title='bbox 1371 3658 1461 3719; x_wconf 88' lang='lat' dir='ltr'><strong>seiam</strong></span> 
     </span>
     <span class='ocr_line' id='line_1_34' title="bbox 281 3760 1462 3839; baseline -0.001 -18"><span class='ocrx_word' id='word_1_294' title='bbox 281 3762 413 3821; x_wconf 90' lang='lat' dir='ltr'><strong>nondum</strong></span> <span class='ocrx_word' id='word_1_295' title='bbox 435 3762 605 3822; x_wconf 86' lang='lat' dir='ltr'><strong>enucleasse</strong></span> <span class='ocrx_word' id='word_1_296' title='bbox 628 3761 686 3821; x_wconf 90' lang='lat' dir='ltr'><strong>sibi</strong></span> <span class='ocrx_word' id='word_1_297' title='bbox 708 3761 767 3823; x_wconf 82' lang='lat' dir='ltr'><strong>visi</strong></span> <span class='ocrx_word' id='word_1_298' title='bbox 789 3766 867 3837; x_wconf 82' lang='lat' dir='ltr'><strong>eunt,</strong></span> <span class='ocrx_word' id='word_1_299' title='bbox 890 3763 928 3822; x_wconf 85' lang='lat' dir='ltr'><strong>sd</strong></span> <span class='ocrx_word' id='word_1_300' title='bbox 950 3782 1012 3822; x_wconf 85' lang='lat' dir='ltr'><strong>rem</strong></span> <span class='ocrx_word' id='word_1_301' title='bbox 1034 3768 1165 3824; x_wconf 88' lang='lat' dir='ltr'><strong>nostram</strong></span> <span class='ocrx_word' id='word_1_302' title='bbox 1187 3760 1402 3839; x_wconf 87' lang='lat' dir='ltr'><strong>expediendam</strong></span> <span class='ocrx_word' id='word_1_303' title='bbox 1424 3780 1462 3820; x_wconf 91' lang='lat' dir='ltr'><strong>ne</strong></span> 
     </span>
    </p>
   </div>
   <div class='ocr_carea' id='block_1_3' title="bbox 285 3943 1462 4362">
    <p class='ocr_par' dir='ltr' id='par_1_7' title="bbox 285 3943 1462 4153">
     <span class='ocr_line' id='line_1_35' title="bbox 352 3943 1462 4014; baseline 0 -20"><span class='ocrx_word' id='word_1_304' title='bbox 352 3943 378 4014; x_wconf 86' lang='lat'><strong>1)</strong></span> <span class='ocrx_word' id='word_1_305' title='bbox 403 3948 473 4009; x_wconf 85' lang='lat' dir='ltr'><strong>„Der</strong></span> <span class='ocrx_word' id='word_1_306' title='bbox 495 3948 634 4008; x_wconf 86' lang='lat' dir='ltr'><strong>jambisohe</strong></span> <span class='ocrx_word' id='word_1_307' title='bbox 652 3950 773 4000; x_wconf 80' lang='lat' dir='ltr'><strong>Trimeter</strong></span> <span class='ocrx_word' id='word_1_308' title='bbox 796 3951 848 4000; x_wconf 86' lang='lat' dir='ltr'><strong>und</strong></span> <span class='ocrx_word' id='word_1_309' title='bbox 874 3951 928 4001; x_wconf 87' lang='lat' dir='ltr'><strong>sein</strong></span> <span class='ocrx_word' id='word_1_310' title='bbox 945 3952 1000 3999; x_wconf 89' lang='lat' dir='ltr'><strong>Bau</strong></span> <span class='ocrx_word' id='word_1_311' title='bbox 1028 3950 1069 3999; x_wconf 89' lang='lat' dir='ltr'><strong>bei</strong></span> <span class='ocrx_word' id='word_1_312' title='bbox 1087 3949 1254 4012; x_wconf 57' lang='lat' dir='ltr'><strong>saphonem,</strong></span> <span class='ocrx_word' id='word_1_313' title='bbox 1281 3949 1368 4009; x_wconf 74' lang='lat' dir='ltr'><strong>Progr.</strong></span> <span class='ocrx_word' id='word_1_314' title='bbox 1388 3948 1462 4010; x_wconf 77' lang='lat' dir='ltr'><strong>Prsg,</strong></span> 
     </span>
     <span class='ocr_line' id='line_1_36' title="bbox 285 4017 1297 4153; baseline 0.001 -18"><span class='ocrx_word' id='word_1_315' title='bbox 285 4017 378 4147; x_wconf 65' lang='grc' dir='ltr'><strong>18ἵ92)</strong></span> <span class='ocrx_word' id='word_1_316' title='bbox 394 4085 487 4134; x_wconf 82' lang='lat' dir='ltr'><strong>Metrlk</strong></span> <span class='ocrx_word' id='word_1_317' title='bbox 504 4085 547 4134; x_wconf 88' lang='lat' dir='ltr'><strong>der</strong></span> <span class='ocrx_word' id='word_1_318' title='bbox 566 4085 688 4136; x_wconf 85' lang='lat' dir='ltr'><strong>Grlechen</strong></span> <span class='ocrx_word' id='word_1_319' title='bbox 706 4090 757 4137; x_wconf 86' lang='lat' dir='ltr'><strong>und</strong></span> <span class='ocrx_word' id='word_1_320' title='bbox 773 4089 873 4150; x_wconf 76' lang='lat' dir='ltr'><strong>Romer,</strong></span> <span class='ocrx_word' id='word_1_321' title='bbox 891 4089 938 4152; x_wconf 82' lang='lat'>111,</span> <span class='ocrx_word' id='word_1_322' title='bbox 955 4089 988 4148; x_wconf 91' lang='lat'><strong>11,</strong></span> <span class='ocrx_word' id='word_1_323' title='bbox 1007 4102 1032 4149; x_wconf 88' lang='lat' dir='ltr'><strong>p.</strong></span> <span class='ocrx_word' id='word_1_324' title='bbox 1052 4088 1100 4135; x_wconf 81' lang='grc'><strong>150</strong></span> <span class='ocrx_word' id='word_1_325' title='bbox 1119 4082 1153 4153; x_wconf 82' lang='grc'><strong>(8.</strong></span> <span class='ocrx_word' id='word_1_326' title='bbox 1171 4082 1297 4150; x_wconf 67' lang='lat' dir='ltr'><strong>numos).</strong></span> 
     </span>
    </p>

    <p class='ocr_par' dir='ltr' id='par_1_8' title="bbox 351 4155 633 4216">
     <span class='ocr_line' id='line_1_37' title="bbox 351 4155 633 4216; baseline 0.007 -13"><span class='ocrx_word' id='word_1_327' title='bbox 351 4158 379 4216; x_wconf 89' lang='grc'><strong>5)</strong></span> <span class='ocrx_word' id='word_1_328' title='bbox 394 4155 513 4214; x_wconf 70' lang='lat' dir='ltr'><strong>sesne,</strong></span> <span class='ocrx_word' id='word_1_329' title='bbox 530 4169 555 4216; x_wconf 77' lang='lat' dir='ltr'><strong>p.</strong></span> <span class='ocrx_word' id='word_1_330' title='bbox 573 4157 633 4205; x_wconf 80' lang='lat' dir='ltr'><strong>scs.</strong></span> 
     </span>
    </p>

    <p class='ocr_par' dir='ltr' id='par_1_9' title="bbox 349 4223 1206 4288">
     <span class='ocr_line' id='line_1_38' title="bbox 349 4223 1206 4288; baseline -0.001 -17"><span class='ocrx_word' id='word_1_331' title='bbox 349 4224 377 4288; x_wconf 83' lang='grc'><strong>4)</strong></span> <span class='ocrx_word' id='word_1_332' title='bbox 395 4225 434 4272; x_wconf 91' lang='lat' dir='ltr'><strong>De</strong></span> <span class='ocrx_word' id='word_1_333' title='bbox 451 4223 613 4285; x_wconf 73' lang='lat' dir='ltr'><strong>chronologis</strong></span> <span class='ocrx_word' id='word_1_334' title='bbox 631 4224 682 4273; x_wconf 78' lang='lat' dir='ltr'><strong>reb.</strong></span> <span class='ocrx_word' id='word_1_335' title='bbox 700 4224 800 4287; x_wconf 86' lang='lat' dir='ltr'><strong>Enrip.‚</strong></span> <span class='ocrx_word' id='word_1_336' title='bbox 817 4225 909 4287; x_wconf 85' lang='lat' dir='ltr'><strong>disput.</strong></span> <span class='ocrx_word' id='word_1_337' title='bbox 925 4223 1005 4272; x_wconf 78' lang='lat' dir='ltr'><strong>Marb.</strong></span> <span class='ocrx_word' id='word_1_338' title='bbox 1029 4223 1103 4284; x_wconf 76' lang='lat'>18³9,</span> <span class='ocrx_word' id='word_1_339' title='bbox 1121 4237 1147 4284; x_wconf 90' lang='lat' dir='ltr'><strong>p.</strong></span> <span class='ocrx_word' id='word_1_340' title='bbox 1165 4225 1206 4274; x_wconf 81' lang='grc'><strong>07.</strong></span> 
     </span>
    </p>

    <p class='ocr_par' dir='ltr' id='par_1_10' title="bbox 351 4289 806 4362">
     <span class='ocr_line' id='line_1_39' title="bbox 351 4289 806 4362; baseline 0.007 -23"><span class='ocrx_word' id='word_1_341' title='bbox 351 4289 378 4362; x_wconf 91' lang='grc'><strong>5)</strong></span> <span class='ocrx_word' id='word_1_342' title='bbox 396 4291 487 4341; x_wconf 83' lang='lat' dir='ltr'><strong>Poetae</strong></span> <span class='ocrx_word' id='word_1_343' title='bbox 505 4307 572 4342; x_wconf 85' lang='lat' dir='ltr'><strong>seen.</strong></span> <span class='ocrx_word' id='word_1_344' title='bbox 589 4307 670 4354; x_wconf 75' lang='lat' dir='ltr'><strong>graec.</strong></span> <span class='ocrx_word' id='word_1_345' title='bbox 689 4293 740 4359; x_wconf 91' lang='lat' dir='ltr'><strong>(ed.</strong></span> <span class='ocrx_word' id='word_1_346' title='bbox 758 4292 806 4356; x_wconf 84' lang='lat' dir='ltr'><strong>V.).</strong></span> 
     </span>
    </p>
   </div>
   <div class='ocr_carea' id='block_1_4' title="bbox 0 0 1625 4956">
    <p class='ocr_par' dir='ltr' id='par_1_11' title="bbox 0 0 1625 4956">
     <span class='ocr_line' id='line_1_40' title="bbox 0 0 1625 4956; baseline 0 0"><span class='ocrx_word' id='word_1_347' title='bbox 0 0 1625 4956; x_wconf 95' lang='lat' dir='ltr'><strong> </strong></span> 
     </span>
    </p>
   </div>
  </div>
 </body>
</html>
