3238 4956
649 279 863 360 411-

166 461 323 540 lineretur,
345 463 443 542 Argos
473 463 506 526 in
527 464 700 526 Atridarum
723 467 809 526 aedes
838 467 917 528 ferre
938 465 1042 530 liceret
1063 489 1158 531 necue
1180 471 1345 550 quaereret.

164 569 300 645 Benigne
328 568 389 628 illis
419 589 437 629 a
465 569 663 646 Clytemestra
694 568 728 629 in
750 570 837 630 aedes
859 570 986 646 receptis
1009 571 1155 635 ultionem
1177 573 1278 636 statim
1301 594 1346 635 se·

166 675 218 754 qui
247 673 478 751 exspectandum
509 675 570 746 est,
601 670 748 748 imprimis
777 691 843 732 cum
873 672 1068 753 Clytemestra
1102 676 1165 735 sola
1194 675 1227 735 in
1250 678 1346 751 domo,

165 776 329 852 Aegisthus
351 778 438 834 exue
459 776 577 835 domum
610 780 641 835 et
662 777 766 836 urbem
789 779 933 836 versetur.
986 777 1092 856 Neque
1124 781 1223 838 tamen
1253 786 1347 840 mater

164 879 247 956 prior
269 877 465 952 interficiturr
498 880 550 939 sed
572 878 734 952 Aegisthus
756 897 810 955 per
831 876 977 938 nutricem
999 885 1167 954 revocatus,
1189 886 1347 961 postquam

164 982 198 1041 in
220 984 338 1041 domum
360 980 495 1055 intravit,
525 981 627 1042 statim
653 981 793 1040 caeditur.
836 980 927 1040 Ouius
958 981 1084 1043 clamore
1113 983 1217 1045 audito
1247 985 1346 1064 Olytc·

163 1090 276 1146 mestra
306 1104 322 1143 e
351 1085 438 1147 domo
467 1082 618 1164 (muliebri
640 1088 675 1144 ut
695 1083 828 1160 videtur)
859 1103 993 1160 egressa,
1023 1084 1094 1164 quid
1118 1085 1175 1146 sibi
1199 1086 1272 1146 velit
1293 1086 1345 1146 ille

163 1187 275 1248 clamor
290 1207 356 1248 cum
372 1192 503 1268 quaerat,
527 1189 563 1246 ab
580 1187 684 1246 Oreste
699 1205 731 1246 se
746 1185 832 1265 sequi
847 1187 934 1262 iussa,
957 1190 1112 1268 postquem
1128 1190 1237 1249 frustra
1251 1188 1346 1248 filium

162 1292 285 1366 placare
307 1294 339 1350 et
353 1289 556 1351 misericordia
576 1290 624 1351 eui
639 1307 824 1350 commovere
843 1287 965 1363 studuit,
988 1289 1054 1367 ipsa
1069 1310 1188 1370 quoqne
1204 1291 1345 1352 caeditur.

163 1392 259 1453 Paulo
275 1397 343 1471 poet
358 1398 456 1452 autem
472 1413 560 1472 quam
576 1391 695 1454 disertis
717 1389 819 1452 verbis
838 1390 1037 1452 matricidium
1052 1412 1193 1454 excusare
1207 1393 1349 1468 intendit

164 1496 287 1555 Orestes
309 1495 414 1556 Furias
436 1495 522 1556 videt
543 1495 825 1576 appropinquantes.

251 1601 315 1658 Iam
337 1600 514 1676 Sophoclem
535 1599 637 1676 paucis
659 1599 828 1671 videamus,
860 1597 968 1677 quibus
998 1598 1142 1695 inorebus
1163 1601 1346 1678 Aeschylum

163 1707 285 1764 secutus
308 1701 363 1775 sit;
394 1702 445 1781 qui
474 1701 636 1778 permultas
664 1720 713 1761 ree
734 1704 780 1763 ab
804 1701 950 1778 Aeschylo
973 1701 1111 1762 inventas
1132 1701 1197 1779 ipse
1228 1721 1347 1781 quoque

165 1804 313 1877 adhibuit,
336 1805 471 1883 quamvis
486 1803 618 1880 singulas
633 1804 796 1865 mutaverit
810 1806 862 1863 aut
876 1803 1040 1865 correxerit
1054 1807 1106 1864 aut
1120 1805 1198 1885 quod
1213 1806 1347 1882 Aeschy-

163 1908 213 1967 lus
234 1907 289 1967 vix
311 1907 529 1983 perstrinxerat
550 1909 716 1968 accuratius
739 1906 919 1986 exposuerit.

252 2012 289 2069 Iu
311 2010 434 2086 prologo
463 2012 543 2086 apud
565 2011 740 2087 Sophoclem
770 2029 888 2089 quoque
912 2008 1032 2068 Orestes
1061 2013 1131 2070 aute
1159 2012 1247 2069 aedes
1267 2013 1348 2087 Aga·

164 2112 331 2172 memnonis
353 2112 493 2188 prodiens
514 2112 548 2172 iu
570 2113 696 2190 patriam
719 2112 811 2173 rediit
833 2117 913 2172 certo
936 2132 1001 2171 cnm
1024 2111 1148 2186 consilio
1173 2112 1348 2189 pardulum

163 2216 310 2276 ultionem
332 2215 522 2292 perficiendi3
555 2237 643 2296 quam
675 2211 712 2276 ad
741 2235 803 2276 rem
833 2214 1020 2276 efficiendam
1051 2217 1171 2274 deorum
1202 2215 1347 2275 auxilium

163 2321 307 2394 advocat3
330 2321 432 2380 eodem
447 2322 543 2393 modo,
565 2324 600 2380 ut
613 2321 692 2395 apud
708 2320 898 2396 Aeschylum,
919 2318 988 2391 viri,
1010 2338 1076 2379 cum
1095 2317 1243 2394 aspiciant
1262 2317 1348 2377 femi·
1402 2343 1406 2352 ·

164 2443 244 2494 nam,
265 2442 297 2482 ee
318 2422 470 2499 recipiunt
491 2424 638 2484 Electram
669 2443 732 2484 esse
751 2421 904 2499 suspicati.
956 2422 1047 2498 Apud
1068 2421 1245 2498 Sophoclem
1274 2441 1348 2501 quo-

165 2544 225 2604 que
249 2524 369 2585 Orestes
391 2524 501 2586 cirrum
530 2525 563 2584 in
586 2525 699 2586 tumulo
721 2525 814 2602 patris
836 2525 997 2600 sacrificat,
1026 2545 1085 2606 quo
1107 2523 1232 2584 invento
1255 2543 1347 2598 soror,

163 2633 200 2688 ut
222 2628 388 2704 Aeschylaa
410 2628 538 2702 Electra,
569 2629 611 2688 sic
632 2627 682 2688 hic
703 2627 928 2707 Ohrysothemis
951 2628 1088 2689 Orestem
1117 2626 1273 2712 advenisse
1302 2627 1350 2687 di·

164 2730 270 2804 sinat,
302 2751 401 2808 quam,
423 2730 570 2806 utillum,
593 2736 686 2791 matu
708 2731 822 2791 somnio
846 2729 938 2791 simili
961 2730 1111 2808 exagitata
1140 2732 1230 2808 atque
1257 2728 1349 2790 anxia

165 2833 257 2908 misit,
279 2839 313 2893 ut
327 2834 560 2909 Agamemnonis
583 2834 715 2911 placaret
735 2853 852 2908 manee;
875 2835 926 2893 sed
948 2838 983 2893 ut
1005 2833 1171 2912 Aeschyleo
1192 2832 1310 2894 Electra
1331 2853 1351 2892 a

165 2937 275 3009 choro,
305 2936 347 2996 sic
368 2934 592 3013 Ohrysothemis
622 2938 659 2996 ab
680 2935 798 2996 Electra
829 2941 861 2996 et
882 2937 971 2997 choro
1000 2941 1035 2996 ut
1056 2934 1236 2996 contrarium
1257 2936 1348 2995 faciat

167 3039 325 3100 excitatur.
372 3042 470 3118 Atque
499 3042 534 3097 ut
554 3039 736 3117 Aeschyleus
760 3037 880 3098 Orestes
909 3037 1023 3099 somnio
1037 3084 1040 3088 ,
1055 3035 1109 3100 illo
1136 3035 1240 3097 matris
1270 3056 1348 3097 com·

164 3145 252 3218 petto
274 3141 397 3202 audacia
418 3147 449 3200 et
470 3139 570 3201 animo
592 3140 749 3218 impletur,
773 3140 815 3201 sic
838 3139 993 3218 Sophoclis
1014 3139 1149 3212 Electra,
1171 3138 1256 3200 cuius
1278 3161 1348 3217 sup·

164 3243 358 3321 plicatiouam
381 3248 450 3303 aute
473 3244 592 3302 domum
615 3243 723 3304 dictam
745 3263 795 3308 vv.
813 3249 853 3303 86
869 3261 934 3322 sqq.
958 3243 1139 3304 simillimam
1162 3261 1225 3303 esse
1247 3243 1347 3304 verbis

166 3347 351 3426 Aeschyleae
373 3346 509 3405 Electrae
532 3346 570 3405 ad
590 3347 737 3407 tumulum
758 3345 884 3423 prolatis
906 3345 994 3406 facilc
1017 3345 1153 3420 cognosci
1176 3349 1282 3422 potest.

253 3447 408 3508 Nutricem
431 3448 626 3528 Aeschyleam
649 3449 785 3528 quamvis
807 3467 869 3508 non
890 3447 987 3525 ipsam
1009 3448 1157 3525 receperit
1178 3448 1348 3526 Sophocles,
1381 3474 1383 3480 ·

165 3556 267 3610 tamen
290 3555 412 3628 questus
433 3552 470 3611 ab
492 3551 545 3610 illa
566 3551 675 3611 effusos
696 3551 823 3612 retinuit
844 3571 974 3631 suaeque
988 3552 1123 3610 Electrae
1146 3551 1237 3626 dedit,
1260 3572 1348 3630 quam

164 3653 221 3714 ubi
243 3658 416 3731 querentem
438 3653 523 3714 audis
545 3654 618 3714 falec
641 3653 744 3714 mortis
760 3650 874 3714 Orestis
896 3653 1002 3715 nuntio
1025 3652 1115 3712 allato
1137 3673 1167 3712 v.
1186 3658 1265 3713 1143
1281 3673 1347 3733 sqq.

166 3737 252 3830 οἴμοι
272 3748 395 3815 τάλαινα
424 3755 477 3832 τῆς
506 3751 580 3831 έμῆς
607 3749 697 3814 πάλαι
719 3757 835 3834 τροφῆς
865 3747 1078 3831 ἀνωφελήτου,
1111 3747 1165 3830 τήν
1187 3747 1244 3833 tyci
1273 3747 1348 3830 θάμ’

165 3852 246 3933 ἀμφὶ
270 3853 317 3916 ool
339 3851 422 3940 πόνῳ
445 3860 547 3936 γλυκεῖ
566 3853 714 3936 παρέσχον
736 3863 801 3933 etc„
824 3879 923 3920 nonne
945 3858 1002 3918 tibi
1024 3857 1057 3917 in
1071 3863 1200 3918 mentem
1222 3858 1350 3919 veniunt

165 3964 260 4022 verba
282 3960 408 4021 nutricis
432 3981 460 4022 v.
485 3962 563 4022 745:
595 3959 684 4034 φίλον
707 3951 732 4018 d’
754 3956 909 4038 Ὀρέστην,
941 3961 994 4037 τῆς
1016 3957 1090 4036 έμῆς
1111 3961 1212 4037 ψυχῆς
1232 3953 1347 4038 τριβήν,

165 4057 203 4123 ὃν
226 4058 376 4142 ἐξέθρεψα
399 4053 550 4141 μητρόθεν
572 4059 728 4142 δεδεγμένη
758 4055 818 4120 κᾶκ
848 4057 1091 4142 νυκτιπλάγκτων
1113 4054 1228 4141 ὀρθίων
1250 4064 1346 4122 κελευ-

165 4157 268 4244 μάτων
289 4160 340 4226 καὶ
362 4158 457 4226 πολλοὶ
478 4159 529 4224 καὶ
552 4160 690 4245 μοχθήρ’,
714 4155 878 4244 ἀνωφέλητ’
901 4160 977 4241 ἐμοὶ,
1000 4161 1084 4244 έτλην
1106 4166 1184 4227 etc?

252 4267 293 4329 Ut
315 4267 445 4353 denique
467 4268 635 4351 Aeschyleo
656 4267 775 4330 Electra
801 4267 835 4330 in
857 4269 976 4331 domum
998 4267 1146 4347 mittitur,
1176 4271 1212 4329 ut
1232 4288 1280 4336 res
1301 4269 1349 4335 io·
