3238 4956
651 337 866 410 „25-

168 513 301 590 gladium
322 513 444 594 capiens
467 514 565 577 caedit
592 520 719 578 matrem
741 517 861 595 (1225).
905 519 1008 597 Atque
1029 515 1070 579 iu‘
1084 515 1262 580 uuiversum
1284 537 1351 579 cum

169 619 339 696 Aeschylon
360 620 482 680 Electra
504 620 650 678 secundas
672 620 791 679 demum
814 625 915 696 partes
938 626 1020 695 agat,
1052 620 1217 698 Euripides
1239 620 1351 698 primas

168 719 232 794 agit
252 726 288 779 ut
302 722 477 798 Sophoclea,
500 742 590 801 quam
614 724 650 783 de
666 721 824 782 atrocitate
847 728 878 782 et
900 723 1078 784 crudelitate
1101 725 1197 783 multo
1220 729 1350 800 superat.

168 823 228 882 Sed
251 842 318 882 cum
340 826 416 885 haec
438 830 548 884 sortem
565 844 649 884 suam
672 843 790 902 semper
811 825 958 903 deploret,
982 827 1061 905 quod
1083 829 1199 900 patrem
1221 825 1350 886 occisum

169 926 269 985 adhuc
297 927 430 986 nondum
461 927 518 987 ulti
549 926 611 987 sint
641 927 746 1000 liberi,
767 929 858 1006 'quod
885 927 917 987 in
947 927 1050 987 eadem
1082 928 1187 999 domo,
1220 947 1280 1007 qua
1301 927 1349 986 illi

170 1027 382 1090 interfectores
401 1029 472 1103 sint,
488 1029 604 1090 versari
620 1035 744 1105 cogatur
758 1030 856 1108 (263),
880 1049 963 1089 suam
978 1029 1073 1106 ipsius
1091 1035 1190 1089 autam
1212 1029 1352 1090 miseram

130 1203 133 1209 ι
169 1129 253 1190 uitae
276 1131 481 1192 condicionem
512 1132 567 1191 vix
590 1132 775 1210 perstringat
804 1132 910 1210 (190),
940 1133 1106 1211 Euripidea
1127 1132 1247 1192 Electra
1274 1133 1350 1190 tales

167 1232 317 1309 imprimis
339 1255 387 1296 res
412 1235 579 1296 exteriores
602 1235 728 1312 premit,
753 1236 832 1314 quod
855 1253 915 1295 non
938 1235 970 1293 in
992 1237 1079 1295 domo
1103 1234 1274 1294 Atridarum
1298 1235 1350 1292 ha-

171 1335 262 1408 bitet,
292 1337 429 1415 queritur
458 1337 546 1413 (209)
569 1342 643 1408 etc.;
672 1342 763 1418 atque
786 1357 852 1398 eum
874 1336 1032 1413 Sophoclis
1055 1338 1175 1396 Electra
1197 1328 1351 1410 ἀνύμφευ-

168 1457 235 1509 τος,
265 1430 387 1508 ἄτεκνος
416 1440 516 1518 (165),
545 1427 581 1508 ἇς
604 1439 690 1512 φίλος
713 1431 796 1509 οὔτις
819 1432 895 1517 ἀνὴρ
918 1431 1107 1515 ὑπερίσταται
1129 1439 1228 1517 (188),
1256 1439 1351 1500 vitam

168 1541 268 1614 degat,
290 1574 333 1584 -
355 1543 512 1620 Sophoclis
535 1542 616 1603 euim
640 1542 820 1620 Aegisthus,
848 1541 1008 1622 quominus
1031 1544 1147 1602 nubant
1168 1540 1249 1600 filiae
1272 1545 1351 1615 Aga·

167 1643 353 1716 memnonis,
386 1645 419 1706 vi
440 1645 569 1724 impedit
596 1645 646 1723 (cf.
669 1666 699 1705 v.
723 1646 797 1722 964)
828 1680 870 1690 -
900 1643 1063 1723 Euripidae
1084 1643 1204 1703 Electra
1225 1642 1351 1719 pauperi

167 1744 292 1824 quidem
322 1747 373 1805 sed
401 1747 497 1807 nobili
528 1767 639 1823 genere
669 1748 736 1808 viro
768 1750 834 1827 (37)
866 1749 980 1807 nubere
1012 1750 1050 1808 ab
1071 1746 1221 1821 Aegistho
1250 1750 1352 1804 coacta

168 1849 394 1908 matrimonium
417 1854 502 1910 tenet
525 1851 708 1912 simulatum.

270 1953 329 2011 Sed
358 1951 432 2032 quid
466 1951 573 2029 plura?
632 1953 710 2012 Satis
742 1954 861 2033 quidem
893 1953 1069 2014 universum
1099 1943 1273 2024 consilium,
1313 1972 1351 2010 cx

167 2066 229 2133 quo
262 2054 395 2128 singulas
425 2074 473 2114 res
502 2058 703 2132 composuisse
735 2057 874 2115 videatur
902 2055 1080 2133 Euripides,
1113 2056 1351 2114 demonstratum

166 2175 234 2216 esee
264 2161 338 2234 puto
371 2156 433 2216 soil.
464 2158 569 2219 matris
598 2160 719 2218 eaedem
748 2178 837 2238 quam
867 2157 1096 2218 iniustissimam
1118 2155 1351 2227 demonstrandi,

165 2259 283 2318 animos
305 2264 424 2319 nostros
455 2279 508 2336 pro
543 2266 655 2334 matre,
687 2266 792 2322 contra
822 2261 935 2320 liberos
963 2259 1173 2340 imprimisque
1202 2258 1351 2318 Electram

166 2361 369 2433 conciliandi,
409 2363 490 2441 quod
521 2364 610 2440 plano
641 2363 824 2425 contrarium
859 2383 924 2424 esse
957 2363 1123 2440 Sophocleo
1158 2359 1350 2420 manifestum

169 2469 226 2524 est.
273 2463 332 2522 Sed
350 2465 491 2544 'quamvis
510 2466 583 2524 iam
605 2468 664 2525 hoc
694 2487 734 2526 ex
756 2466 898 2526 universo
931 2465 1056 2526 consilio
1088 2470 1178 2543 atque
1201 2483 1239 2524 ex
1261 2461 1352 2522 mori·

167 2569 227 2628 bus
256 2586 451 2644 personarum
490 2567 693 2642 singularum,
726 2569 760 2628 in
798 2569 907 2648 quibus
943 2567 1149 2628 describendis
1187 2567 1352 2643 permultas

166 2689 219 2728 res
251 2668 418 2728 simillimas
447 2675 500 2730 aut
531 2671 694 2730 contrarias
724 2672 803 2747 apud
826 2672 1008 2750 Aeschylum
1038 2671 1170 2730 nondum
1200 2673 1352 2729 exstantes

169 2771 324 2832 adhibitas
356 2791 421 2830 esse
443 2772 503 2831 iam
525 2773 627 2848 paucis
651 2774 836 2848 significavi,
865 2794 931 2834 moa
960 2793 1078 2854 quoque
1109 2771 1258 2834 sententia
1288 2771 1353 2830 sine

167 2874 263 2933 dubio
286 2879 430 2950 appareat
451 2875 585 2935 fabulam
607 2875 696 2936 unius
720 2882 802 2936 certo
833 2897 900 2936 oum
931 2876 1055 2936 coneilio
1087 2874 1206 2934 fabulae
1228 2873 1353 2934 alteriue

167 2975 347 3053 oppositam,
370 2978 486 3038 easdem
508 2999 557 3038 res
581 2980 660 3056 apud
683 2999 774 3038 unum
803 2983 954 3038 exstantes
977 2980 1014 3036 ab
1033 2978 1128 3036 altero
1145 2995 1263 3055 quoque
1285 2995 1353 3035 cum
1421 3053 1424 3059 Ι

169 3078 298 3138 consilio
323 3079 472 3138 adhibitas
496 3080 547 3140 sed
570 3099 640 3140 suae
664 3081 874 3157 compositioni
897 3081 1131 3140 accommodatas
1154 3099 1228 3151 esse,
1251 3084 1352 3137 tamen

168 3182 228 3239 hae
249 3200 283 3239 re
306 3181 517 3250 animadversa,
541 3183 578 3244 de
600 3188 704 3243 nostra
726 3183 900 3264 quaestione
922 3185 988 3262 ipsa
1011 3182 1084 3244 certi
1108 3181 1270 3262 quidquam
1293 3179 1353 3238 dis·

169 3282 254 3341 cerni
278 3302 365 3358 posse
388 3303 447 3343 uon
471 3290 561 3362 puto,
586 3285 618 3344 id
641 3288 720 3366 quod
742 3288 846 3347 Flesse
874 3292 906 3364 et
935 3286 988 3346 alii
1009 3286 1156 3344 fecerunt.
1209 3283 1268 3348 Qui
1290 3283 1353 3342 viri

168 3387 229 3443 hac
251 3403 293 3456 re,
317 3388 396 3464 quod
418 3389 497 3464 apud
519 3369 696 3466 Euripidem
719 3389 838 3467 saepius
860 3407 909 3448 res
934 3410 951 3447 a
974 3388 1122 3465 Sophocle
1145 3385 1298 3446 adhibitae
1320 3385 1353 3444 in

166 3487 268 3546 maius
290 3492 395 3547 auctae
418 3489 522 3549 autin
546 3491 730 3551 contrarium
751 3511 859 3553 versae
887 3491 963 3564 sint,
993 3491 1053 3550 iam
1077 3488 1276 3549 demonstrari
1298 3507 1352 3562 pu·

167 3593 237 3649 tant
260 3589 438 3667 Sophoclem
460 3592 591 3669 priorem
614 3614 694 3663 esse;
727 3596 807 3674 quod
835 3593 904 3678 ideo
933 3594 965 3653 in
988 3593 1162 3653 universum
1192 3610 1252 3650 non
1283 3610 1352 3649 con·

167 3691 252 3751 cludi
275 3710 362 3767 posse
384 3697 475 3769 puto,
506 3697 585 3774 quod
608 3716 710 3757 omnes
733 3697 787 3756 has
809 3715 857 3756 res
880 3697 977 3756 adhuc
998 3695 1104 3754 allatas
1125 3693 1208 3752 inter
1229 3713 1262 3752 se
1285 3712 1353 3752 con-

165 3793 277 3854 venire
300 3814 334 3853 ao
357 3795 482 3856 oonsilio
513 3797 611 3858 eidem
634 3799 777 3859 universo
800 3798 956 3875 Euripidis
987 3796 1100 3875 optime
1130 3797 1277 3875 quadrare
1307 3795 1354 3854 in-

167 3895 326 3966 venimua3
358 3916 450 3976 quare
472 3919 533 3958 non
556 3906 610 3970 est.
633 3921 687 3961 cur
709 3921 769 3961 non
792 3923 831 3960 ex
853 3920 907 3961 suo
929 3901 1025 3979 ipsius
1046 3898 1170 3973 iugenio
1192 3898 1354 3977 Euripides

165 4002 224 4058 has
247 4016 297 4056 ree
319 3996 469 4070 invenire,
492 4003 654 4078 Sophocles
677 4024 759 4076 vero,
782 4009 816 4063 ut
839 4002 922 4076 alias,
945 4003 988 4062 sic
1010 4003 1063 4060 has
1087 4000 1220 4076 singulas
1243 4021 1291 4059 res
1315 4003 1352 4058 ab

167 4098 319 4177 Euripide
342 4103 474 4162 mutuari
493 4105 635 4181 potuerit,
658 4125 754 4186 aeque
774 4125 808 4164 ac
823 4105 986 4183 permultas
1002 4105 1039 4163 ab
1054 4106 1207 4182 Aeschylo
1229 4102 1353 4180 recepit.

248 4203 309 4262 Sed
319 4202 410 4264 aliam
422 4225 542 4286 quoque
553 4227 618 4268 rem
629 4207 688 4267 viri
699 4208 780 4268 docti
790 4211 965 4286 presserunt
980 4207 1191 4288 (centones-1.
1203 4207 1223 4266 l.
1236 4226 1266 4282 p.
1277 4205 1350 4282 885)

164 4325 229 4384 nou
253 4305 354 4369 minus
368 4306 525 4384 incertam,
549 4327 608 4390 qua
622 4310 799 4388 Euripidem
815 4315 951 4374 secutum
974 4331 1038 4372 esse
1060 4312 1209 4386 eluceret5
1232 4308 1352 4382 etenim,
