3238 4956
637 311 849 394 ..99⁴-

154 490 264 563 sterior
286 493 334 576 sit,
357 501 395 564 ab
418 504 513 564 altero
536 505 645 564 multas
668 524 715 564 res
738 510 906 564 mutuatum
929 523 1000 563 suae
1016 489 1224 582 compositioni
1246 493 1335 580 plane

154 605 323 668 contrariae
346 608 584 666 accommodasse
607 607 671 667 sive
693 606 877 684 pervertisse
907 611 1060 685 totamque
1094 628 1178 666 suam
1199 607 1333 667 fabulam

155 727 222 767 cum
243 707 393 768 industria
415 709 539 768 ulterius
561 708 689 768 dramati
712 708 895 786 opposuisse.

241 813 304 869 Iam
328 829 399 869 vero
422 810 473 870 via
495 813 644 888 patefacta
676 816 722 869 est
751 812 788 870 ad
819 812 943 871 alteram
973 811 1186 889 disputationis
1209 815 1334 888 partem,

153 931 215 991 quc
235 918 336 971 utrum
360 931 411 972 eae
432 933 491 987 ras,
514 913 625 993 quibua
647 911 808 988 Euripides
831 919 862 972 et
882 915 1046 992 Sophocles
1069 913 1266 985 conveniunt,
1296 915 1334 972 ab

154 1014 305 1094 Aeschylo
328 1014 494 1086 discedunt,
517 1014 659 1077 universo
676 1014 833 1096 utriusque
856 1016 980 1076 consilio
1003 1017 1054 1077 vel
1068 1015 1189 1091 ingenio
1212 1036 1335 1093 respon·

154 1116 248 1176 deaut
269 1137 362 1176 necne
384 1117 598 1194 inquirendum
622 1117 710 1177 nobis
734 1117 962 1194 proposuimus,
985 1119 1135 1198 quoniam,
1166 1118 1218 1178 ubi
1241 1117 1335 1177 eonti-

154 1219 243 1292 gerit,
265 1225 300 1279 ut
322 1239 440 1280 scenam
464 1221 611 1299 quandam
635 1219 715 1296 apud
737 1240 828 1279 unum
860 1241 913 1280 suc
936 1221 1001 1280 iure
1023 1220 1176 1280 inductam
1199 1240 1263 1280 esse
1285 1220 1336 1280 de·

154 1327 373 1395 monstramus,
404 1324 483 1397 apud
505 1323 631 1382 alterum
655 1329 753 1380 cutem
777 1323 901 1380 eandem
930 1324 978 1382 vel
1009 1322 1136 1382 similam
1166 1343 1256 1382 causa
1283 1342 1337 1382 cur

152 1422 297 1483 instituta
319 1423 359 1483 sit
379 1424 489 1483 idonea
512 1443 629 1496 carere,
658 1425 738 1483 huuc
766 1423 821 1483 illo
843 1424 1041 1501 posteriorem
1064 1445 1128 1485 esse
1151 1425 1336 1485 verisimilli-

154 1546 238 1585 mum
259 1528 430 1587 habendum
454 1533 499 1587 ost
513 1528 564 1586 vel
583 1527 690 1603 potius,
715 1526 738 1584 si
762 1527 828 1585 fieri
851 1534 958 1604 potest,
981 1547 1034 1604 pro
1058 1532 1149 1600 certo,
1172 1527 1289 1587 scilicet
1310 1527 1336 1586 si

155 1632 252 1689 verba
283 1629 333 1690 vel
356 1629 522 1688 sententiae
550 1629 761 1704 inveniantur,
795 1649 869 1708 quas
900 1650 953 1690 seu
983 1631 1021 1688 ad
1049 1630 1175 1690 alterius
1204 1631 1336 1690 fabulam

154 1733 299 1792 adludere
333 1752 385 1792 seu
416 1733 471 1793 vix
502 1731 636 1808 intelligi
667 1752 763 1811 posse,
791 1733 850 1792 nisi
883 1734 961 1794 alter
983 1734 1186 1807 antecesserit,
1216 1732 1335 1811 probari

153 1840 264 1914 potest.

240 1941 343 2016 Atque
372 1959 477 2000 revera
506 1939 578 1998 satis
611 1941 719 1999 multas
742 1961 915 2013 scenarum,
945 1959 1021 2019 quae
1051 1941 1131 2019 apud
1154 1941 1335 2018 Aeschylum

151 2061 213 2100 non
238 2047 317 2114 suut,
340 2041 553 2101 similitudines
583 2042 617 2102 in
646 2043 804 2122 utriusque
826 2044 929 2103 fabula
954 2042 1142 2116 invenimus3
1172 2043 1204 2100 in
1228 2041 1336 2123 quibus

152 2143 323 2204 accuratius
345 2144 569 2222 perscrutandis
592 2145 721 2222 primum
744 2145 864 2226 quidem
885 2144 1016 2205 animum
1033 2146 1222 2204 attendamus
1245 2147 1336 2204 rebus

153 2247 194 2305 ad
217 2246 451 2321 recognitionem
475 2247 691 2326 spectantibus.

241 2349 376 2428 Uterque
399 2349 479 2408 enim
501 2358 598 2427 poeta,
622 2355 656 2410 ut
678 2370 696 2409 c
718 2371 806 2410 scena
827 2351 985 2411 notissima
1007 2350 1161 2410 ordiamur
1186 2381 1220 2396 -—
1246 2371 1337 2431 quam

151 2451 245 2510 initio
268 2471 387 2531 quoquc
411 2451 623 2528 disputationis
644 2452 745 2512 varias
767 2452 997 2528 argumentandi
1028 2452 1159 2513 rationes
1181 2452 1336 2513 illustran-

151 2563 201 2613 tes
220 2555 518 2616 commemoravimus
538 2589 580 2598 -
602 2553 811 2616 inventionem
826 2556 1035 2634 Aeschyleam,
1057 2575 1117 2635 qua
1139 2555 1226 2633 cirro,
1248 2575 1337 2635 quem

152 2657 279 2717 Orestes
294 2657 484 2730 sacrificavit,
506 2657 633 2718 invento
648 2659 729 2718 hunc
752 2658 855 2717 adesse
874 2657 982 2737 aliquis
998 2643 1176 2734 suspicatur,
1198 2657 1338 2717 adhibuit

151 2758 286 2840 quidem,
310 2761 363 2820 sad
384 2759 416 2818 id
436 2761 488 2833 ita,
512 2766 547 2820 ut
567 2760 603 2835 is,
628 2760 679 2839 qui
703 2759 883 2836 suspicatur,
905 2760 984 2838 apud
1006 2747 1183 2838 Sophoclem
1206 2760 1336 2838 Chryso·

150 2862 274 2936 themis,
297 2863 377 2939 apud
399 2862 574 2940 Euripidem
590 2863 788 2942 paedagogus,
809 2863 975 2923 refellatur.

243 2965 311 3028 Qua
332 2966 368 3024 de
392 2986 479 3025 eausa
501 2985 576 3026 vero
606 2985 689 3025 suam
717 2970 845 3043 uterque
876 2985 994 3024 scenam
1016 2964 1224 3043 composuerit,
1247 2983 1336 3043 quae·

150 3067 294 3128 rentibus
323 3068 501 3144 Sophoclem
530 3068 581 3128 hic
611 3087 730 3147 quoque
762 3087 907 3126 summam
947 3087 1029 3127 suam
1064 3071 1158 3127 artem
1188 3066 1334 3142 poeticam

154 3169 385 3248 compositionis
401 3169 573 3246 praebuisse
592 3169 784 3248 conspicuum
807 3175 868 3243 est3
891 3170 993 3248 paullo
1015 3175 1104 3229 antea
1126 3168 1251 3229 nuntius
1273 3189 1337 3228 cer·

152 3273 291 3334 tissimus
314 3273 352 3332 de
375 3272 491 3333 Orestis
522 3278 618 3332 morte
647 3272 755 3331 allatus
779 3279 841 3345 est;
871 3273 991 3332 Electra
1022 3293 1053 3331 se
1080 3271 1142 3332 iam
1173 3271 1254 3331 omui
1285 3290 1337 3348 spe

151 3375 251 3455 patris
266 3375 431 3436 ulciscendi
447 3375 608 3454 privatam,
631 3375 724 3434 solam
746 3375 893 3449 relictam,
916 3374 1054 3453 sibiipsi
1077 3373 1156 3433 nihil
1177 3373 1236 3432 nisi
1261 3393 1337 3432 mor·

150 3485 216 3539 tem
247 3477 448 3538 desideratam
479 3498 543 3539 esse
570 3476 789 3554 pronuntiavit,
819 3485 851 3537 at
880 3480 990 3538 chorus
1019 3479 1132 3537 frustra
1160 3495 1224 3535 eam
1248 3475 1338 3535 solari

150 3587 281 3642 conatus
312 3586 376 3655 eat,
407 3600 473 3640 cum
504 3579 728 3658 Chrysothemis
751 3613 792 3624 -
815 3590 846 3640 et
866 3583 960 3642 habas
986 3582 1044 3641 hcc
1067 3581 1130 3638 loce
1152 3572 1339 3655 περιπέτειαν

151 3685 316 3765 quandam,
339 3702 398 3763 qua
417 3682 535 3744 ratione
550 3682 727 3761 Sophoclem
750 3681 890 3743 floruisse
912 3682 985 3742 satis
1007 3687 1112 3742 notum
1135 3665 1181 3740 est
1203 3711 1244 3724 -
1266 3699 1338 3757 prae

150 3785 265 3863 gsudic
287 3787 428 3846 celeriter
449 3805 608 3846 accurrens
639 3805 754 3845 summa
779 3777 837 3863 ¹spe
859 3785 1035 3863 laetitiaque
1058 3783 1183 3861 impleta
1204 3803 1337 3843 sororem

150 3909 271 3950 summo
294 3888 396 3950 dolore
418 3888 555 3949 affectam
577 3886 739 3966 alloquitur
762 3887 869 3964 (871),
893 3888 1037 3960 salutem,
1066 3885 1158 3945 finem
1182 3887 1337 3956 malorum,

152 3993 295 4052 Orestem
317 3991 418 4069 ipsum
440 3993 543 4051 adesse
566 3991 771 4066 proclamans,
803 3997 834 4049 et
864 4009 930 4050 cum
953 4008 1038 4048 soror
1066 4009 1098 4047 se
1120 3988 1184 4048 fere
1206 3988 1337 4047 ludibrio
1422 4039 1423 4042 ,

149 4094 260 4156 heberi
284 4113 301 4152 a
323 4092 574 4173 Chrysothemide
604 4092 654 4153 vel
682 4112 747 4151 eam
775 4092 872 4171 ipsam
901 4092 1115 4152 subabsurdam
1147 4111 1212 4152 esse
1243 4095 1337 4165 putet,

149 4197 414 4258 narratiunculam
441 4197 528 4263 illam
554 4194 786 4273 pulcherrimam
816 4193 933 4255 laetitia
964 4193 1093 4254 excitata
1125 4193 1247 4272 profert,
1278 4209 1339 4272 qua

149 4300 206 4375 fit,
237 4306 273 4361 ut
303 4300 383 4362 hanc
413 4319 532 4380 quoque
564 4297 713 4374 virginem
745 4297 849 4358 fratris
880 4302 1029 4356 amantem
1061 4301 1092 4355 et
1118 4293 1338 4356 desiderantem
