3238 4956
737 315 950 436 ..po-

339 519 439 596 Atque
462 514 628 590 sententia,
661 537 719 596 qua
750 516 865 575 ratione
888 513 1051 590 Euripides
1082 515 1118 573 ad
1140 512 1295 591 Sophoclis
1318 531 1435 572 scenam

254 621 412 693 alludatur,
435 619 582 695 imprimis
601 619 758 678 adiuvatur
781 619 854 676 mira
877 617 929 676 illa
945 616 1165 692 comparatione
1187 637 1217 678 v.
1234 621 1294 676 884
1318 617 1435 674 θᾶσσον

254 719 285 780 δὲ
317 720 430 800 βύρσαν
460 719 601 799 ἐξέδειρεν
631 713 651 796 ἢ
674 714 801 798 δρομεδς
831 713 950 790 δισσοδς
980 714 1120 789 διαύλους
1150 717 1274 789 ἱππίους
1297 711 1436 794 διήνυσεν

253 826 290 884 ad
312 846 399 905 quam
414 824 628 883 instituendam
642 823 697 883 vix
720 823 935 883 sententiarum
958 841 1094 882 connexu
1117 842 1235 882 suarum
1257 841 1310 881 sua
1329 826 1435 899 sponte

257 927 362 986 adduci
385 927 484 1002 potuit
506 925 674 1002 Euripides.

339 1034 440 1108 Atque
459 1029 605 1088 accedunt
626 1029 701 1087 aliae
724 1048 787 1087 res:
810 1028 949 1088 universa
964 1032 1137 1102 argumenta
1161 1047 1199 1087 ex
1213 1033 1297 1104 parte
1313 1028 1436 1105 quidem

254 1133 378 1203 similia,
408 1151 447 1190 ex
475 1135 560 1208 parte
589 1131 737 1190 contraria
754 1138 756 1144 ‘
771 1150 835 1190 esse
863 1131 922 1190 iam
953 1129 1060 1189 leviter
1093 1130 1275 1205 significavi:
1308 1137 1435 1208 uterque

254 1236 374 1294 Orestes
397 1240 474 1293 artes
489 1235 675 1311 virtutesque
698 1253 768 1310 prae
791 1253 822 1292 se
838 1235 905 1306 fert,
928 1253 1004 1290 unus
1026 1233 1057 1291 in
1078 1233 1156 1292 ludis
1172 1233 1335 1310 Delphicis,
1358 1235 1436 1292 alter

253 1339 289 1395 ad
311 1339 397 1395 ludos
421 1335 593 1412 Olympicos
615 1335 805 1412 proficiscens
829 1335 877 1412 (ct.
902 1337 970 1394 Eur.
996 1334 1080 1410 781),
1104 1335 1194 1414 idque
1216 1336 1276 1407 ita,
1299 1341 1332 1394 ut
1354 1341 1435 1394 uter-

254 1458 311 1516 que
334 1443 427 1497 artem
450 1439 657 1498 Thessalorum
681 1437 830 1514 propriam
853 1440 1003 1514 praebeat.
1056 1438 1217 1514 Sophocles
1246 1439 1326 1497 enim
1348 1459 1434 1496 suum

254 1541 388 1599 Orestem
413 1560 470 1618 quo
493 1539 610 1599 facilius
632 1539 665 1598 in
689 1540 851 1601 certamine
874 1540 1007 1619 equestri
1021 1541 1179 1622 florentem
1194 1540 1306 1616 fingere
1322 1545 1432 1618 posset,

253 1641 389 1720 quamvis
411 1661 471 1701 uon
493 1641 591 1718 ipsum
614 1643 796 1716 Thessalum,
825 1649 954 1703 attamen
979 1642 1135 1701 Thessalas
1158 1661 1305 1721 equas-
1321 1663 1358 1703 ex
1381 1663 1432 1701 an-

253 1745 345 1824 tiquis
366 1745 550 1821 temporibus
572 1745 701 1804 celebres
725 1780 764 1788 -
787 1756 940 1820 regentem
962 1746 1034 1804 facit
1056 1746 1157 1822 (Soph.
1180 1766 1208 1803 v.
1234 1746 1321 1824 703);
1344 1746 1433 1804 Euri·

254 1846 361 1924 pideus
382 1867 454 1906 vero
479 1848 598 1906 Orestes
621 1867 651 1906 ee
674 1848 771 1924 ipsum
796 1848 971 1908 Thessalum
1002 1868 1064 1907 esse
1088 1849 1228 1907 simulans
1250 1849 1339 1926 (781)
1360 1849 1435 1908 alte-

253 1971 314 2008 ram
346 1950 553 2010 Thessalorum
592 1957 684 2011 artem
715 1954 855 2028 praebet;
894 1972 962 2011 nam
992 1953 1047 2009 hae
1083 1954 1158 2010 duae
1189 1958 1260 2010 sunt
1291 1951 1431 2027 propriae

254 2053 461 2112 Thessalorum
484 2073 522 2111 ex
544 2053 682 2128 Aegisthi
704 2054 804 2113 verbis
826 2054 934 2114 lucidis
956 2075 985 2113 v.
1003 2058 1081 2113 815:
1105 2051 1136 2112 ἐκ
1160 2055 1218 2111 τῶν
1239 2055 1338 2112 καλῶν
1360 2074 1434 2126 κομ-

253 2155 343 2212 ποῦσι
366 2157 441 2212 τοῖσι
467 2154 626 2224 Θεσσαλοῖς
648 2147 721 2214 εἶναι
746 2150 823 2229 τόδ’,
855 2150 934 2225 ὅστις
957 2158 1067 2232 ταῦρον
1090 2149 1218 2231 ἀρταμεῖ
1237 2156 1350 2226 καλῶς,
1385 2153 1435 2212 λ’π·

252 2249 329 2326 ποος
363 2257 387 2313 τ’
419 2251 555 2333 ὀχμάζει;
585 2257 617 2316 id
648 2260 725 2336 quod
758 2259 812 2317 vix
842 2261 919 2318 forte
950 2259 1076 2332 accidit;
1108 2260 1159 2317 sed
1191 2278 1256 2317 cum
1279 2257 1435 2334 Sophoclis

253 2359 389 2419 inventio
419 2381 472 2419 sua
502 2366 607 2436 sponte
638 2359 789 2433 evenerit,
819 2362 959 2440 quoniam
990 2381 1082 2439 equae
1112 2359 1268 2419 Thessalae
1299 2359 1437 2418 omnibus

254 2461 436 2538 temporibus
458 2462 640 2537 floruerunt,
663 2463 738 2522 ratio
761 2464 924 2540 Euripiden
945 2462 1017 2522 satis
1039 2463 1114 2521 mira
1136 2462 1168 2524 vi
1192 2464 1318 2541 quadam
1340 2466 1437 2520 tracta

255 2564 383 2624 videtur.
587 2628 589 2632 ,

340 2665 422 2728 Quae
451 2667 602 2728 sententia
631 2667 731 2727 nescio
763 2689 800 2727 an
833 2669 1021 2728 confirmetur
1051 2669 1178 2744 singulis
1201 2667 1437 2743 compositionis,

253 2768 394 2840 actionis,
425 2771 583 2828 verborum
606 2768 869 2844 similitudinibus,
901 2791 976 2850 quae
1010 2792 1062 2848 per
1092 2792 1123 2831 se
1145 2770 1269 2831 levioris
1291 2769 1437 2829 momenti

254 2876 331 2931 sunt.
375 2870 508 2950 Utraque
540 2872 617 2930 enim
650 2872 782 2933 narratio
808 2877 846 2931 83
870 2893 973 2932 versus
1005 2874 1159 2934 continens
1190 2872 1222 2932 in
1252 2877 1313 2932 tres
1335 2875 1439 2947 partes

253 2973 348 3033 dividi
364 2979 470 3051 potest,
494 2993 618 3054 quarum
633 2974 730 3050 prima
750 2974 867 3034 inducit
882 2977 1082 3035 narrationem
1103 2987 1134 3035 et
1157 2983 1173 3034 5
1190 2995 1239 3034 vv.
1264 2974 1439 3050 complecti-

253 3082 310 3149 tur,
333 3078 426 3135 altera
447 3097 496 3137 vv.
513 3081 553 3135 64
576 3075 652 3135 aetio
675 3075 741 3152 ipsa
764 3076 943 3137 describitur
965 3097 1056 3155 nsque
1079 3079 1115 3135 ad
1137 3084 1262 3138 mortem
1278 3075 1439 3151 Sophoclei

254 3179 368 3237 Orestis
390 3180 439 3238 vel
461 3178 616 3254 Euripidei
638 3178 793 3254 Aegisthi,
827 3179 880 3258 qui
902 3181 956 3238 hac
979 3199 1016 3237 ex
1039 3187 1123 3256 parte
1146 3180 1310 3256 Sophocleo
1335 3178 1440 3238 Oresti

253 3280 392 3340 morienti
414 3282 582 3357 respondet,
604 3288 639 3340 ut
661 3281 754 3340 altera
776 3301 814 3340 ex
836 3287 921 3359 parte
944 3284 1107 3360 Sophocleo
1130 3290 1223 3343 artem
1245 3302 1327 3341 suam
1348 3301 1439 3360 prae-

252 3384 337 3443 benti
360 3384 480 3443 Orestes
500 3383 696 3460 Euripideus3
727 3385 815 3442 tertia
837 3405 910 3444 vero
940 3406 1009 3461 pars
1031 3407 1081 3450 vv.
1106 3392 1141 3444 15
1167 3385 1309 3445 extremis
1332 3403 1440 3443 narra-

254 3486 365 3546 tionem
389 3486 547 3546 concludit.

339 3595 438 3668 Atque
460 3589 565 3666 primis
588 3589 707 3668 quidem
731 3596 747 3648 5
770 3589 922 3664 versibus,
946 3590 1054 3668 quibus
1077 3589 1208 3650 narratio
1230 3589 1296 3666 ipsa
1318 3589 1442 3649 induci·

254 3699 311 3764 tur,
333 3695 397 3753 loco
420 3691 568 3752 destinato
591 3693 752 3751 adventum
784 3712 847 3750 esse
870 3693 993 3751 nuntius
1014 3694 1107 3752 refert
1139 3693 1185 3750 his
1207 3692 1307 3752 verbis
1330 3693 1439 3770 (Soph.

254 3794 346 3872 681):
379 3792 408 3864 ἐς
438 3789 470 3853 td
493 3788 608 3853 κλεινόν
628 3785 766 3863 Ἑλλάδος
788 3789 934 3872 πρόσχημ’
959 3790 1092 3873 ἀγῶνος,
1123 3797 1199 3855 alter
1233 3795 1316 3872 (Eur.
1342 3795 1439 3873 776):

253 3889 318 3954 ἕνθ’
339 3883 378 3971 ἦν
400 3889 418 3954 o‘
440 3889 552 3964 alstede
573 3897 632 3954 τῶν
655 3895 845 3971 Μυκηναίων
868 3888 943 3968 ἅναξ
971 3897 1064 3976 (quod
1087 3897 1241 3974 epitheton
1266 3892 1380 3965 κλεινός
1403 3898 1440 3958 in

253 4019 303 4059 ore
327 3997 457 4057 ministri
481 3999 609 4075 Orestis,
640 3999 691 4077 qui
713 3999 891 4073 Aegisthum
914 4001 1001 4060 modo
1024 3995 1243 4078 Ἀγαμέμνονος
1265 3994 1360 4072 φονέα
1383 4020 1442 4078 ap-

252 4103 425 4178 pellaverat,
448 4101 519 4160 satis
542 4102 668 4161 offendit
690 4135 731 4145 -—
754 4108 844 4182 atque
867 4103 966 4164 nescio
989 4123 1027 4162 an
1049 4103 1184 4163 imitetur
1205 4103 1287 4161 illem
1309 4104 1442 4164 locutio-

252 4226 319 4265 nem
342 4205 535 4281 Sophocleam
557 4204 611 4282 -)
634 4209 723 4285 atque
746 4227 804 4286 quo
828 4205 932 4266 habitu
955 4207 1097 4266 universo
1119 4205 1163 4278 is,
1196 4205 1278 4265 cuius
1301 4225 1382 4266 mors
1406 4208 1445 4269 in

253 4308 445 4388 sequentibus
468 4310 613 4378 narratur,
637 4307 738 4385 paucis
754 4307 949 4384 describitur;
973 4309 1155 4386 Sophocleus
1171 4309 1291 4369 Orestes
1313 4310 1349 4368 ad
1373 4330 1443 4371 cer·
