3238 4956
756 311 968 386 ,98-

271 485 421 556 Electram
444 493 561 574 semper
582 501 758 578 querentem
781 501 812 555 et
834 499 959 556 matrem
982 491 1173 556 contumeliis
1196 493 1380 555 afficientem
1403 511 1455 555 ru·

270 597 346 658 stieo
379 599 495 659 cuidam
528 601 642 660 nubere
673 599 710 658 ab
736 600 879 673 Aegistho
904 601 1034 658 coactam
1058 598 1235 674 Sophoclem
1257 597 1452 657 inducturum

233 780 235 784 y
271 699 363 758 luisse
380 706 514 775 putasne,
539 701 564 761 si
580 701 741 779 Euripides
757 701 988 762 antecessisset?
1034 700 1094 759 Vix
1110 699 1297 772 crediderim,
1320 701 1372 758 sed
1392 700 1453 759 iam

271 803 351 881 quod
371 802 442 863 telis
464 803 592 864 mutatio
615 803 770 878 tragoedia
791 801 917 877 indigna
933 802 1040 862 fuisset
1062 822 1101 862 ex
1124 822 1177 861 suo
1193 801 1314 875 iudioio‚
1338 802 1453 880 Sopho·

271 905 331 964 cles
354 904 419 964 sine
441 906 532 966 dubio
555 907 634 965 hanc
656 905 852 966 mutationem
875 905 1035 965 omisisset.

356 1010 398 1066 At
414 1009 562 1068 Electram
585 1028 601 1068 e
624 1009 711 1068 domo
734 1011 771 1068 ab
786 1007 933 1084 Aegistho
952 1007 1078 1068 eiectam
1093 1007 1265 1068 induxisset
1279 1007 1452 1085 Sophocles,

270 1109 295 1169 si
318 1110 479 1186 Euripides
502 1111 727 1172 antecessisset!
766 1108 875 1187 Quid?
920 1129 1020 1169 nonne
1042 1112 1100 1170 boc
1122 1109 1189 1188 ipso
1211 1110 1279 1182 die,
1299 1111 1364 1169 ,hae
1383 1108 1452 1187 ipse
1498 1131 1500 1136 ’

268 1212 302 1269 in
325 1212 428 1272 fabula
450 1215 599 1274 Electram
622 1234 639 1274 e
662 1215 748 1273 domo
771 1213 936 1285 eiecturus,
968 1213 999 1271 ic
1023 1216 1111 1272 antro
1134 1215 1328 1272 subterraneo
1356 1211 1452 1271 inclu-

273 1334 360 1373 surus
383 1321 428 1374 est
451 1316 624 1391 Aegisthus,
646 1316 707 1376 nisi
730 1315 848 1376 desinet
870 1314 956 1395 queri
980 1313 1125 1374 Electra?

356 1420 398 1476 At
419 1418 517 1478 media
538 1418 570 1477 in
593 1422 668 1479 urbe
690 1424 760 1478 ante
783 1420 869 1478 aedes
892 1417 1068 1477 Atridarum
1089 1417 1225 1477 Orestem
1249 1436 1316 1476 oum
1332 1416 1453 1476 Electra

271 1519 407 1579 tamdiu
430 1521 666 1600 colloquentem,
695 1522 733 1580 de
756 1521 844 1580 caede
867 1519 1105 1579 considerantem
1129 1520 1292 1598 Sophocles
1314 1539 1374 1578 non
1396 1519 1454 1576 fin-

270 1621 375 1694 xisset,
398 1622 424 1680 si
446 1623 602 1701 Euripidis
625 1623 755 1683 tabulam
779 1622 986 1696 cognovisset!
1030 1622 1089 1680 Sed
1111 1623 1273 1699 Sophocles
1293 1622 1349 1680 has
1371 1621 1455 1699 ipsas

271 1742 374 1782 scenas
397 1724 468 1783 artis
492 1745 581 1785 eausa
602 1725 731 1786 insertas
755 1730 785 1784 et
806 1723 926 1798 longius
948 1725 1109 1801 productas
1136 1743 1223 1803 quam
1248 1723 1377 1783 maxime
1401 1743 1455 1782 ex-

271 1845 375 1886 cusare
397 1826 514 1886 studuit
535 1828 700 1904 paedagogi
724 1825 867 1899 custodia,
889 1826 941 1906 qui
958 1827 1069 1905 (1331)
1093 1826 1244 1904 expressis
1259 1825 1360 1887 verbis
1384 1845 1456 1902 pro·

272 1927 408 1988 nuntiat:

499 2025 560 2090 etr
584 2029 611 2090 ri
631 2036 791 2110 σταθμοῖσι
813 2032 909 2102 τοῐςδε
932 2026 974 2110 μὴ
996 2026 1125 2111 ἐκύρουν
1147 2023 1205 2110 ἐγώ

497 2128 588 2194 πάλαι
610 2128 782 2209 φυλάσσων,
806 2123 844 2211 ἦν
866 2128 904 2192 dv
926 2127 998 2212 ὑμὶν
1021 2133 1052 2194 ἐν
1075 2128 1182 2211 δόμοις

497 2228 533 2294 roi
556 2231 680 2314 δρώμεν’
703 2229 790 2314 ὑμῶν
811 2231 946 2316 πρόσθεν
969 2230 988 2314 ἢ
1011 2231 1047 2296 roi
1070 2230 1200 2312 σώματα.

497 2340 553 2397 νῦν
575 2335 600 2397 d’
623 2332 779 2416 εὐλάβειαν
801 2339 894 2400 τῶνδε
917 2336 1095 2414 προυθέμην
1118 2333 1185 2417 ἐγώ.

356 2443 465 2500 Nonne
480 2441 668 2520 Sophoclem,
691 2461 757 2503 cum
772 2444 919 2503 actionem
931 2443 1036 2521 ipsam
1060 2446 1097 2502 ab
1113 2441 1237 2502 aedibus
1252 2444 1456 2515 Agamemno-

270 2543 318 2602 nis
334 2543 430 2602 eeusis
444 2543 477 2600 in
493 2548 558 2603 erte
574 2543 640 2604 sitis
656 2546 801 2605 adductus
816 2566 972 2608 removere
988 2567 1048 2605 non
1064 2545 1166 2617 vellet,
1185 2546 1259 2604 haec
1273 2545 1368 2604 verba
1381 2542 1454 2602 ideo

270 2645 406 2723 posuisse
422 2650 528 2720 putare
542 2645 623 2718 licet,
645 2647 788 2707 menimis
805 2649 954 2708 contraria
970 2646 1187 2708 verisimilitati
1205 2667 1259 2706 sua
1273 2645 1351 2706 aetio
1366 2645 1454 2704 vide-

270 2753 363 2820 retur,
387 2747 562 2823 praesertim
587 2768 653 2808 cum
667 2749 833 2827 Euripidae
848 2749 948 2826 priore
964 2748 1152 2827 comparate?
1168 2783 1207 2792 -—
1229 2752 1271 2808 At
1285 2748 1454 2822 Aegisthus

271 2850 351 2930 quod
373 2850 454 2909 solus
475 2849 640 2910 revertitur
660 2850 789 2932 ideoque
817 2851 906 2913 facile
928 2852 1029 2912 necari
1053 2855 1153 2930 potest
1182 2853 1219 2910 ab
1242 2850 1365 2922 Oreste,
1387 2852 1453 2908 tam

270 2951 453 3012 contrarium
468 2956 516 3012 est
530 2952 754 3026 verisimilitati,
780 2963 814 3014 ut
829 2955 991 3031 Sophocles
1009 2955 1041 3012 id
1056 2956 1199 3030 praebere
1216 2973 1276 3012 non
1293 2971 1382 3012 ausus
1405 2972 1454 3010 es-

272 3059 326 3127 set,
349 3055 374 3113 si
390 3053 547 3131 Euripidis
563 3055 784 3115 verisimillima
799 3055 877 3117 actio
893 3056 1117 3130 antecessisset3
1141 3060 1172 3116 at
1190 3075 1291 3115 nonne
1307 3053 1453 3131 Aeschyli

271 3176 392 3237 quoque
414 3155 509 3230 ratio,
541 3176 600 3234 qua
620 3158 784 3230 Aegisthus
806 3158 925 3219 rediens
947 3159 1116 3230 inducitur,
1138 3159 1233 3217 multo
1256 3157 1348 3231 magis
1370 3156 1454 3216 veri-

272 3259 421 3318 similitati
443 3259 605 3336 respondet
628 3279 715 3339 quem
738 3260 925 3338 Sophoclea?
956 3263 1064 3321 Nonne
1082 3261 1271 3338 Aeschyleus
1287 3259 1453 3332 Aegisthus

271 3361 339 3421 ideo
362 3360 428 3433 sine
450 3361 521 3420 ullis
544 3361 701 3421 comitibus
725 3362 906 3436 revertitur,
938 3365 1017 3442 quod
1039 3363 1190 3440 expressis
1212 3362 1315 3423 verbis
1337 3359 1453 3432 nutrix,

271 3467 306 3523 ut
327 3464 408 3522 solus
430 3465 560 3535 redeat,
582 3463 722 3522 mandat?
774 3467 917 3540 Ergo-
943 3465 1006 3525 soil.
1037 3465 1063 3524 si
1085 3464 1245 3528 Ribbeckii
1277 3469 1309 3524 et
1331 3465 1455 3522 Elessae

271 3565 500 3641 argumentandi
521 3565 600 3625 ratio
623 3565 765 3627 universa
786 3575 868 3628 recta
890 3574 969 3628 esset
991 3605 1032 3613 —
1054 3568 1216 3646 Sophocles
1232 3571 1301 3626 ante
1316 3565 1454 3642 Aeschy-

209 3667 210 3674 '
269 3669 333 3727 lum
355 3689 438 3728 suam
460 3670 592 3729 fabulam
615 3669 790 3746 composuit.
835 3675 976 3730 Attamen
998 3673 1056 3731 hoc
1074 3672 1160 3730 modo
1177 3669 1456 3730 concludere'non-

270 3771 342 3828 dum
364 3772 460 3831 adhuc
482 3771 640 3852 quisquam
656 3793 745 3832 ausus
767 3779 821 3846 est,
844 3773 934 3832 immo
952 3773 1138 3850 Aeschylum
1154 3771 1349 3857 antecessisse
1370 3769 1457 3829 inter

272 3891 373 3932 omnes
404 3878 520 3933 constat
555 3879 586 3934 et
615 3895 653 3934 ex
682 3875 749 3954 ipsa
778 3875 934 3954 Sophoclis
967 3875 1071 3934 fabula
1102 3875 1169 3935 luce
1200 3873 1310 3934 elarius
1340 3870 1456 3932 evadit.

271 3977 351 4049 Ergo
373 3975 447 4034 haec
469 3977 698 4050 argumentandi
721 3979 799 4038 ratio
821 3999 881 4038 non
904 3983 965 4037 tam
987 3978 1073 4037 firma
1096 3982 1150 4051 est,
1180 3995 1239 4056 qua
1260 3975 1393 4036 nitamur
1414 3977 1458 4034 ad

272 4097 335 4136 rem
359 4075 584 4152 profligandam.
629 4081 688 4139 Sed
708 4079 741 4139 id
764 4083 858 4140 solum
880 4080 938 4150 his,
962 4099 1037 4160 quae
1052 4082 1198 4140 haetenus
1220 4077 1373 4156 disputavi
1395 4076 1459 4136 im·

271 4179 377 4258 primis
400 4180 437 4238 de
460 4180 583 4240 consilio
606 4181 765 4263 utriusque
787 4183 929 4245 universo
957 4188 988 4243 et
1010 4201 1204 4260 personarum
1226 4179 1369 4252 moribus,
1401 4181 1460 4240 de-

271 4286 469 4356 monstratum
491 4301 559 4346 esso
579 4288 662 4359 puto,
683 4289 719 4344 ut
740 4285 800 4345 iam
821 4307 851 4365 p.
876 4291 915 4346 25
941 4284 1082 4356 concessi,
1106 4285 1295 4356 alterutrum,
1317 4283 1370 4363 qui
1399 4302 1463 4362 po·
