3238 4956
788 331 916 452 -lt
961 378 1001 390 ..

298 513 467 596 Aeschyleo
490 512 541 574 alii
560 515 848 588 demonstraverunt,
872 517 960 594 plane
983 536 1036 574 sua
1051 519 1164 591 sponte,
1189 537 1204 576 e
1227 533 1325 574 rerum
1342 533 1484 575 connexu

300 621 436 694 evadere,
459 621 639 697 chorumque
662 639 720 677 non
744 619 809 677 eine
832 638 920 678 causa
942 618 1060 694 prodire
1084 621 1245 691 contendo;
1273 639 1331 696 qua
1354 621 1390 675 de
1413 618 1483 693 ipsa

298 722 358 780 iam
379 721 422 780 rei
445 721 543 796 aptius
566 728 630 780 erat
661 721 770 779 amicas
804 741 889 799 quam
913 741 1013 779 servas
1035 721 1178 780 inducere
1201 723 1338 794 chorum;
1370 719 1483 778 etenim

299 842 410 896 servae,
433 843 500 883 cum
520 823 603 882 illam
626 823 659 880 in
681 823 802 882 aedibus
825 843 913 898 saepe
937 830 1110 900 querentem
1135 823 1265 894 audiant,
1287 823 1377 882 etiam
1401 823 1482 899 quod

300 931 383 985 extra
406 927 523 984 domum
541 926 675 1002 querelas
691 925 832 999 effundat,
856 926 910 984 rix
932 933 977 984 est
1000 945 1051 985 cur
1068 925 1220 1001 mirentur,
1244 926 1482 1002 Aegisthumque

299 1048 370 1086 num
393 1027 474 1086 domi
502 1027 541 1086 sit
570 1045 714 1104 quaerere
744 1035 913 1104 nequeunt;
944 1027 1055 1086 amicae
1086 1047 1157 1086 vero
1189 1027 1326 1106 quamvis
1356 1028 1483 1086 intimae

299 1150 360 1189 non
382 1135 442 1189 tem
465 1149 553 1204 saepe
576 1129 818 1188 consuetudinem
841 1149 907 1188 cum
928 1130 980 1187 illa
1002 1131 1123 1202 habent,
1146 1137 1180 1188 ut
1202 1130 1291 1188 etiam
1314 1149 1392 1187 nunc
1415 1149 1479 1194 eam

301 1232 385 1312 queri
407 1231 510 1292 mirari
532 1231 728 1306 nonpossint
751 1251 873 1310 eamque
896 1232 984 1289 solari
1008 1238 1161 1292 conentur.

387 1334 587 1394 Difficultates
609 1339 724 1406 autem,
748 1353 820 1411 quas
843 1334 914 1392 rutis
937 1334 1081 1407 sagaciter
1103 1335 1304 1395 Wilamowitz
1336 1335 1378 1413 (p.
1403 1337 1482 1409 214)

300 1439 337 1496 de
359 1437 514 1513 Sophoclis
537 1437 626 1496 choro
648 1436 808 1496 amicarum
831 1436 1090 1510 investigavit-
1117 1456 1169 1496 cur
1192 1439 1247 1495 hoc
1268 1435 1336 1512 ipso
1358 1437 1406 1494 die
1430 1437 1484 1492 ad·

300 1539 427 1612 venerit,
450 1539 587 1619 quamvis
608 1539 639 1598 in
663 1539 835 1598 universum
851 1541 970 1598 Electra
991 1539 1074 1598 exire
1096 1541 1191 1598 vetita
1213 1539 1253 1597 sit
1274 1541 1310 1596 ab
1326 1538 1483 1612 Aegistho,

301 1638 390 1720 quem
413 1644 514 1700 abesse
546 1643 652 1700 chorus
682 1641 833 1714 ignoraret
863 1649 917 1703 eto.
950 1676 990 1684 -·
1022 1662 1122 1700 omnes
1152 1648 1308 1712 corruunt,
1338 1640 1389 1698 ubi
1412 1660 1483 1708 eum

304 1743 452 1802 audivisse
476 1745 623 1802 Electram
647 1744 819 1802 clamantem
843 1751 932 1820 atque
961 1746 1017 1802 hac
1049 1745 1085 1800 de
1116 1763 1206 1802 causa
1231 1742 1388 1801 accessisse
1411 1761 1484 1816 sup-

305 1845 457 1920 ponimue;
488 1848 540 1904 sed
563 1847 642 1923 quod
665 1845 889 1924 Chrysothemis
911 1853 941 1904 et
963 1847 1158 1924 Clytemestra
1181 1865 1239 1903 non
1262 1844 1361 1902 statim
1383 1843 1484 1915 initio,

302 1948 353 2004 sed
375 1947 407 2004 in
430 1947 577 2025 colloquio
602 1949 720 2006 demum
739 1949 847 2006 amices
863 1949 997 2008 Electrae
1019 1949 1081 2007 illis
1103 1969 1162 2006 non
1184 1948 1301 2022 ignotas
1316 1946 1485 2021 respiciunt

303 2055 333 2107 et
354 2049 556 2127 alloquuntur,
578 2050 802 2127 Chrysothemis
824 2071 874 2111 vv.
899 2055 969 2123 372,
993 2056 1064 2122 496,
1088 2055 1167 2122 992,
1191 2050 1387 2124 Clytemestra
1410 2054 1484 2120 612,

303 2153 376 2209 adeo
400 2171 462 2210 aon
484 2151 588 2210 miram
612 2157 665 2223 est,
688 2158 722 2210 ut
743 2153 856 2210 animos
872 2152 1016 2211 excitatos
1037 2153 1198 2230 iratosque,
1221 2150 1328 2228 quibus
1350 2149 1383 2206 in
1399 2149 1487 2210 Elee-

302 2261 386 2326 tram,
410 2255 489 2331 quod
511 2273 627 2328 semper
650 2258 799 2332 queratur,
822 2255 1013 2327 invehuntur,
1038 2254 1149 2330 optime
1170 2255 1282 2312 deceat.
1326 2251 1485 2324 Peregrini

302 2363 410 2427 autem,
433 2356 485 2434 qui
507 2357 681 2427 adveniunt,
704 2361 737 2414 ut
758 2358 945 2431 paedagogus
960 2357 1008 2434 .(v.
1022 2357 1097 2432 660)
1120 2361 1151 2415 et
1174 2356 1293 2415 Orestes
1316 2354 1485 2431 (v.1098),

302 2457 403 2517 statim
425 2458 521 2533 primo
543 2457 631 2515 initio
653 2457 794 2516 mulieres
816 2458 953 2529 allocuti,
983 2461 1019 2515 ab
1041 2457 1103 2529 his,
1132 2464 1166 2516 ut
1195 2459 1232 2516 ed
1255 2457 1485 2534 Clytemestram

301 2560 351 2619 vel
375 2561 520 2618 Electram
543 2578 573 2615 se
595 2564 725 2632 vertant,
753 2559 925 2621 incitantur.

388 2659 503 2723 Quibus
526 2662 670 2736 expositis
693 2667 725 2720 et
746 2681 798 2719 cur
820 2662 940 2721 Electra
961 2666 1062 2721 cantet
1091 2667 1121 2718 et
1153 2681 1205 2718 cur
1228 2679 1281 2735 pro
1304 2658 1484 2733 Aeschyleis

303 2764 398 2823 servis
420 2783 458 2820 ex
481 2762 583 2822 amicis
606 2763 711 2821 chorus
734 2769 857 2834 constet,
881 2770 910 2821 et
935 2763 1056 2836 ordinis,
1088 2783 1146 2842 quo
1169 2764 1286 2821 Electra
1317 2766 1348 2820 et
1376 2763 1486 2818 chorus

302 2867 457 2941 prodeant,
480 2883 581 2924 causas
603 2864 725 2923 idoneas
748 2871 778 2924 et
800 2870 834 2924 ut
855 2866 898 2924 ita
919 2866 1014 2924 dicam
1037 2867 1068 2924 in
1091 2859 1122 2924 re
1145 2865 1210 2940 ipsa
1235 2864 1306 2924 sitas
1329 2863 1487 2922 invenisse

303 2967 378 3026 mihi
401 2967 505 3026 videor
526 2967 558 3026 in
581 2966 738 3043 Sophoclis
759 2968 867 3028 fabula.

389 3072 435 3128 sd
458 3070 630 3145 Euripidem
653 3071 824 3143 redeamus;
856 3089 907 3129 cur
929 3070 1047 3130 Electra
1074 3075 1190 3141 cantat,
1219 3070 1333 3128 nullam
1365 3088 1486 3128 causam

302 3172 334 3230 in
358 3172 473 3232 actione
496 3179 580 3230 atre
609 3172 695 3230 sitam
723 3171 911 3244 invenimus3
942 3172 1070 3232 carmine
1093 3173 1228 3231 Electrae
1260 3171 1345 3230 finito
1377 3173 1486 3229 chorus

304 3273 440 3344 advenit;
462 3274 540 3332 forte
564 3273 687 3344 accidit,
712 3280 746 3331 ut
766 3275 824 3332 boc
845 3275 910 3351 ipso
934 3280 1081 3333 momento
1102 3273 1260 3347 adveniat,
1284 3293 1342 3352 quo
1365 3274 1487 3331 Electra

304 3381 421 3434 eantare
445 3374 550 3448 deeiit3
580 3377 656 3452 quod
681 3376 786 3434 chorus
810 3377 997 3454 querelarum
1020 3377 1155 3437 Electrae
1176 3377 1208 3433 in
1231 3376 1410 3434 allocutione
1432 3394 1488 3433 sua

304 3477 423 3537 omnino
446 3478 559 3538 nullam
580 3477 728 3536 rationem
749 3478 842 3536 habet
864 3477 968 3556 (167),
1000 3479 1135 3556 querelas
1156 3477 1249 3553 igitur
1280 3476 1401 3536 omnino
1424 3497 1487 3535 non

304 3579 451 3638 audivisse
473 3563 618 3652 vuidetur,
650 3579 721 3638 satis
751 3580 860 3639 mirum
890 3586 942 3638 est.
994 3585 1034 3638 At
1064 3585 1144 3639 certe
1174 3582 1308 3658 bonaque
1338 3581 1376 3638 de
1397 3599 1489 3638 eausa

303 3683 404 3758 prodit
425 3683 530 3742 chorus
553 3702 591 3740 ex
614 3681 840 3742 Wilamowitaii
862 3682 1029 3755 senteutie,
1050 3702 1177 3762 quocum
1199 3681 1336 3742 Ribbeck
1358 3701 1488 3742 consen·

305 3785 358 3857 tit,
389 3805 456 3843 cum
478 3787 582 3844 Bruhn
604 3791 634 3844 et
655 3785 761 3858 Singer
793 3785 891 3862 (ouius
912 3784 1046 3844 libellum
1067 3784 1247 3860 inspiciendi
1278 3785 1411 3844 nondum
1434 3786 1489 3844 ad-

305 3888 363 3944 huc
385 3886 459 3946 mihi
482 3871 602 3948 caesio
617 3887 685 3963 ruit)
709 3894 850 3946 moneant
870 3887 961 3963 idque
983 3892 1071 3959 reete,
1102 3887 1190 3946 unius
1212 3885 1295 3946 illius
1317 3887 1376 3946 loci
1399 3907 1491 3946 causa

303 3989 396 4061 illud,
431 3991 509 4065 quod
543 4008 595 4048 our
623 3988 764 4049 venerint
796 3989 952 4062 proferunt
981 3989 1116 4063 puellae,
1146 3989 1268 4050 finxisse
1299 3989 1490 4064 Euripidem,

305 4096 408 4166 postea
431 4109 468 4147 ne
484 4110 727 4151 commemorasse
746 4090 875 4169 quidem.
919 4090 976 4148 Sed
998 4091 1098 4149 nescio
1121 4111 1159 4149 an
1181 4091 1240 4150 viri
1262 4091 1308 4150 illi
1331 4091 1362 4150 in
1387 4093 1491 4151 medio

305 4191 502 4253 substiterint.

390 4293 566 4356 Accuratius
587 4295 668 4354 enim
689 4296 783 4359 velim
804 4295 946 4372 inspicias
968 4297 1100 4356 fabulam
1124 4299 1214 4376 atque
1244 4316 1362 4357 eaumm
1393 4296 1493 4375 illam,
