3238 4956
666 294 881 377 ...13⁶

183 477 214 541 et
236 470 380 543 scelernm
403 486 566 560 perpetuo,
599 505 675 564 qnae
697 505 714 544 a
736 485 861 546 Tantalo
893 485 942 545 vel
970 485 1083 561 Pelope
1113 475 1162 545 vel
1184 473 1366 560 Pleisthene,

183 583 333 661 imprimis
356 592 454 645 autem
486 587 522 656 ab
546 589 639 647 Atreo
662 592 693 646 et
715 586 846 664 Thyeste
874 587 1051 664 incipientia
1079 607 1171 662 genus
1194 589 1366 648 Atridarum

182 688 323 762 perdunt.
368 686 515 765 Thyestes
537 688 615 748 enim
639 709 704 748 cum
727 692 819 750 Atreo
852 691 889 749 de
910 689 1035 766 imperio
1058 696 1174 750 certans
1196 710 1250 767 per
1272 694 1366 751 Aero-

183 807 252 864 pam
276 788 377 848 fratris
399 790 571 864 coniugem,
602 810 690 869 quam
721 791 779 850 sibi
802 792 1014 852 conciliaverat
1036 793 1183 853 adulterio
1205 793 1281 851 inito
1315 792 1365 870 (cl.

182 893 241 965 Ag.
267 894 378 966 1192),
407 892 565 953 adiuvatur
596 913 652 952 ove
679 912 768 953 aurea
799 893 917 956 traAIta.
971 895 1029 954 Sed
1060 915 1076 954 e
1108 897 1193 954 domo
1224 897 1366 972 expulsus

182 998 340 1071 postquam
364 994 462 1066 rediit,
493 996 588 1055 amice
618 1000 755 1073 receptus
783 1001 829 1054 est
860 997 896 1055 ab
927 1001 1018 1056 Atreo
1041 1003 1222 1078 receptoque
1252 997 1304 1057 hic
1332 997 1365 1057 in

183 1113 259 1154 cena
281 1094 344 1154 eius
365 1095 461 1172 ipsius
482 1096 592 1158 liberos
616 1098 809 1157 comedendos
831 1099 991 1175 proponit;
1024 1102 1104 1179 quod
1125 1103 1163 1161 cb
1187 1101 1282 1159 scelus
1304 1100 1365 1172 ille,

182 1201 220 1256 ut
242 1198 408 1275 Aeschylus
430 1199 504 1259 dicit
526 1201 595 1277 (Ag.
618 1219 647 1258 v.
666 1201 770 1278 1600),
792 1197 886 1278 μόρον
909 1199 936 1259 δ’
961 1195 1091 1280 ἄφερτον
1109 1200 1290 1271 Πελοπίδαις
1313 1197 1364 1259 ἒπ-

183 1290 317 1374 εόχεταις
345 1321 384 1361 ex
405 1301 545 1379 Thyestis
567 1301 638 1360 filiis
660 1309 753 1362 restat
775 1303 953 1378 Aegisthus,
976 1305 1028 1384 qui
1051 1305 1193 1366 ultionem
1216 1304 1307 1363 sumit
1329 1306 1365 1362 de

182 1401 249 1461 filio
272 1404 373 1477 Atrei,
395 1407 636 1479 Agamemnone,
660 1405 778 1465 adiutus
800 1425 854 1483 per
874 1406 1100 1482 Clytemestram
1122 1387 1211 1466 huius
1232 1426 1364 1477 uxorem,

183 1524 262 1583 quae
284 1505 392 1564 marito
415 1506 531 1566 absenti
552 1506 630 1566 Irata
651 1514 724 1568 erat.
766 1511 950 1584 Agamemno
973 1508 1061 1582 enim,
1085 1529 1152 1570 cum
1174 1509 1270 1568 Diana
1293 1509 1366 1567 cles-

182 1627 247 1665 sem
270 1607 447 1667 Graecorum
478 1611 513 1668 ad
545 1609 655 1668 Aulida
683 1610 841 1685 retineret,
872 1632 911 1670 ex
940 1612 1059 1672 oraculo
1082 1612 1270 1684 Calchantis,
1300 1612 1364 1687 ipse

183 1709 299 1785 gloriae
331 1710 472 1787 cupidine
502 1712 612 1785 elatus,
642 1711 831 1789 Iphigeniam
863 1714 955 1773 filiam
984 1715 1205 1786 immolaveret;
1243 1734 1302 1793 qna
1329 1716 1365 1772 de

184 1831 275 1872 causa
303 1832 444 1873 succensa
466 1815 662 1893 Clytemestra
692 1834 767 1874 uxor
796 1835 862 1875 cum
885 1816 1029 1892 Aegistho
1051 1817 1191 1894 Thyestis
1213 1816 1275 1876 filio
1303 1836 1364 1876 rem

181 1915 258 1974 facit
287 1922 317 1976 et
337 1919 588 1992 Agamemnonem
618 1917 762 1976 interficit
769 1939 778 1992 ;
809 1919 865 1977 hac
894 1926 992 1979 autem
1023 1938 1054 1976 re
1077 1919 1271 1995 Clytemestra
1300 1939 1365 1976 cum

182 2019 251 2092 ipsa
274 2037 392 2097 quoque
414 2019 510 2078 scelus
533 2038 623 2094 grave
646 2019 820 2094 committat,
842 2020 959 2097 culpam
982 2021 1072 2083 solvit
1094 2022 1130 2080 ab
1147 2020 1251 2080 Oreste
1273 2021 1361 2080 inter-

183 2122 270 2184 fecta.
316 2118 376 2183 Qui
397 2128 520 2180 matrem
542 2124 667 2181 caedens
689 2123 797 2182 iterum
818 2122 884 2198 ipse
907 2124 1024 2200 culpam
1047 2123 1111 2184 cbit
1125 2123 1251 2201 ideoque
1275 2123 1365 2181 aFu-

184 2222 240 2282 riis
262 2230 416 2303 torquetur
438 2232 469 2284 et
491 2223 662 2299 exagitatur
684 2230 715 2284 et
736 2244 753 2283 e
776 2225 913 2284 Minerva
935 2227 1050 2285 demum
1072 2227 1226 2288 liberatur.

272 2326 372 2388 Genus
393 2327 488 2403 igitur
508 2327 683 2387 Atridarum
706 2329 794 2404 culpa
816 2329 948 2404 culpam,
972 2330 1061 2389 caede
1084 2330 1203 2388 caedem
1225 2327 1365 2403 gignente

183 2430 333 2507 perditum
355 2429 561 2508 imprimisque
584 2431 620 2489 ab
637 2433 858 2506 Agamemnone
881 2450 919 2489 ex
943 2431 1022 2491 bello
1047 2432 1190 2491 redeunte
1211 2449 1306 2509 usque
1329 2431 1366 2488 ad

185 2532 321 2593 Orestem
352 2551 405 2608 per
435 2532 601 2591 Minervam
615 2595 616 2602 χ
632 2524 720 2610 culpa
749 2552 803 2592 sua
830 2533 987 2592 liberatum
1019 2533 1185 2611 Aeschylus
1216 2531 1366 2593 describit.

184 2635 280 2695 Nemo
303 2635 400 2710 gentis
417 2634 588 2695 Atridarum
610 2635 699 2712 plane
721 2636 785 2694 sine
808 2635 894 2711 culpa
917 2635 1065 2709 oaeditur;
1088 2634 1125 2708 is,
1148 2635 1199 2714 qui
1223 2634 1365 2694 ultionem

183 2736 319 2814 perficit,
348 2737 458 2797 iterum
488 2757 596 2798 novam
619 2738 735 2814 culpam
771 2738 835 2814 ipse
866 2737 957 2798 subit.
1009 2740 1278 2812 Agamemnonem,
1313 2736 1365 2814 qui

183 2839 377 2917 Iphigeniam
399 2841 491 2900 filiam
512 2840 694 2914 immolarit,
716 2841 927 2919 Clytemestra,
949 2841 1027 2899 hanc
1052 2839 1181 2912 Orestes,
1203 2843 1284 2898 hunc
1307 2841 1365 2897 Fu·

184 2941 248 3001 riae
277 2943 417 3020 puniunt.
468 2943 534 3002 Hoc
566 2950 611 3004 est
639 2950 845 3018 argumentum
876 2942 925 3000 vel
956 2947 1196 3016 argumentorum
1226 2940 1364 3013 trilcgiae

184 3064 359 3123 progressus
381 3050 472 3125 atque
493 3047 551 3106 hoc
574 3066 613 3106 ex
634 3046 775 3105 universo
799 3043 923 3107 consilio
945 3044 1063 3118 singula
1078 3045 1212 3103 dramata
1225 3041 1364 3116 trilogiae

184 3148 322 3208 confecta
343 3155 422 3208 sunt.

272 3250 352 3315 Ouid
367 3264 465 3314 autem
481 3251 661 3331 Sophocles?
704 3251 810 3313 Statim
826 3253 897 3312 haec
913 3250 1082 3310 differentia
1099 3248 1206 3309 summi
1223 3246 1365 3308 momenti

183 3354 329 3415 occurrit:
353 3357 520 3433 Choephori
542 3363 613 3416 sunt
634 3375 703 3433 pars
725 3354 862 3428 trilogiae
877 3353 1023 3414 actionem
1036 3372 1096 3412 non
1119 3372 1173 3429 per
1195 3370 1226 3410 se
1248 3350 1365 3410 conclu·
1476 3351 1479 3357 ’

182 3477 245 3517 sam
261 3459 312 3518 sed
334 3478 401 3518 cum
416 3459 582 3520 actionibus
597 3464 760 3520 ceterarum
777 3457 915 3533 trilogiae
930 3455 1096 3518 tabularum
1120 3460 1184 3515 arte
1207 3455 1365 3512 cohaeren-

182 3566 245 3621 tem
258 3561 423 3623 contInens.
446 3562 602 3639 Sophoclis
613 3566 711 3622 autem
724 3561 841 3620 Electra
857 3559 920 3619 sola
934 3558 1034 3618 fabula
1044 3579 1137 3617 unum
1148 3562 1264 3616 tantum
1280 3574 1365 3630 argn-

182 3669 317 3725 mentum
332 3685 388 3742 per
402 3684 433 3725 re
449 3666 624 3739 confectum,
646 3684 735 3723 unam
751 3663 896 3723 actionem
911 3662 1000 3738 plane
1015 3661 1180 3721 conclusam
1196 3657 1366 3733 complecti·

180 3775 249 3842 tur,
280 3768 424 3829 ultionem
447 3769 541 3845 patris
564 3763 651 3827 occisi
685 3767 785 3826 afilio
815 3767 852 3825 de
874 3763 966 3841 patris
999 3761 1180 3824 occisoribus
1210 3767 1364 3836 sumptam.

181 3871 304 3932 Etenim
326 3892 364 3932 ne
386 3870 473 3946 ectio,
495 3891 583 3950 qnam
607 3868 774 3930 describere
788 3866 886 3931 voluit
900 3867 1071 3943 Sophocles,
1098 3865 1281 3942 imperfecta,
1306 3883 1365 3922 non

114 3959 117 3966 ⁴
181 3974 324 4036 conclusa
344 3974 508 4047 rideretur,
533 3971 682 4032 aratione
706 3980 736 4031 et
758 3972 809 4031 via
826 3971 965 4048 Aeschyli
981 3977 1071 4048 atque
1088 3987 1199 4041 eorum,
1224 3986 1296 4046 qnos
1314 3965 1364 4023 ille

181 4082 302 4138 secutus
325 4082 380 4152 est,
403 4076 531 4138 decessit
553 4076 616 4140 scil.
640 4095 675 4135 ea
696 4073 756 4149 vie,
779 4094 838 4153 qua
852 4077 1034 4149 Agamemno
1056 4091 1111 4149 pro
1127 4069 1289 4148 Iphigenia
1310 4069 1364 4125 im-

180 4181 302 4255 molata,
325 4181 445 4242 Orestes
467 4180 532 4257 ipse
555 4199 674 4259 quoque
704 4197 758 4255 pro
786 4181 879 4237 matre
901 4174 1051 4236 trucidata
1072 4175 1212 4253 punitur3
1246 4173 1297 4230 sed
1320 4191 1366 4229 re-

181 4285 278 4348 currit
307 4286 345 4345 ad
367 4282 564 4364 antiquiorem
596 4289 627 4343 et
647 4281 857 4359 simpliciorem
879 4279 997 4341 fabulae
1019 4280 1160 4349 formam,
1194 4293 1254 4352 qua
1280 4281 1365 4352 pater
